4675 5575
1166 347 1209 410 32

386 545 522 632 Quinct
543 548 629 617 decl.
657 553 704 617 13.
726 553 761 618 2:
784 552 936 622 humulis
961 556 1108 641 tuguri
1133 556 1298 642 rusticum
1323 558 1502 627 culmen.

386 651 465 722 Sen.
489 653 589 722 Herc
607 653 681 724 Oct
705 658 785 724 652:
808 663 948 747 pectora
969 680 1100 749 pauper
1129 681 1251 730 secura
1280 663 1369 750 gerit
1398 662 1513 732 Octav.
1548 667 1614 733 895
1646 666 1735 735 berre
1758 669 1940 757 paupertas
1973 668 2095 736 humili

493 763 582 829 tecto
606 766 765 831 contenta
788 764 875 832 latet

386 866 465 936 Sen.
489 867 648 936 Phaedr.:
670 888 690 937 a
713 875 825 938 servat
846 871 1003 960 placidos
1026 876 1175 944 obscura
1197 875 1298 964 quies
1320 876 1530 966 praebetque
1553 897 1657 946 senes
1679 897 1760 947 casa
1779 899 1932 949 securos

386 975 512 1046 deinde
535 975 578 1043 de
603 976 745 1058 luxuria,
767 997 836 1066 qua
858 977 941 1046 nihil
966 980 1078 1068 magis
1102 981 1315 1050 mortiterum
1340 981 1490 1068 ingeniis
1512 988 1573 1052 est
1619 982 1698 1054 Sen.
1721 986 1825 1075 praei.
1853 990 1878 1054 1.
1899 989 1928 1053 7.

386 1080 465 1150 Sall.
489 1079 561 1150 Cat
589 1085 636 1149 13.
651 1085 687 1149 3:
710 1085 873 1154 vescendi
899 1106 1004 1155 causa
1027 1091 1134 1158 terras
1159 1088 1334 1178 mariaque
1358 1090 1476 1158 omnia
1498 1089 1664 1179 exqirere.

265 1205 269 1210 ’
389 1188 572 1257 Fabianus:
595 1186 675 1257 Sen.
698 1210 726 1258 c
749 1194 779 1258 2.
808 1196 832 1259 1.
860 1196 913 1259 ll:
937 1192 979 1260 ad
1004 1193 1148 1263 delicias
1171 1194 1344 1264 dementis
1367 1197 1523 1266 luxuriae
1547 1195 1635 1285 lapis
1657 1198 1773 1267 omnis
1796 1198 1933 1268 eruitur.

388 1295 500 1364 Manil.
523 1299 553 1363 4.
575 1298 655 1363 398:
678 1301 714 1365 ut
734 1298 872 1368 veniant
893 1319 1062 1386 gemmae,
1085 1304 1177 1370 totus
1200 1302 1397 1370 transibitur
1418 1303 1522 1372 orbis

387 1403 510 1470 Lucan.
531 1403 625 1493 quod
650 1404 750 1472 luxus
774 1408 903 1474 ..toto
928 1406 1097 1496 quaesivit
1121 1408 1156 1475 in
1181 1408 1274 1476 orbe.

386 1509 470 1576 Plin.
493 1509 568 1577 hist
588 1514 655 1578 not
683 1514 735 1579 26.
758 1514 816 1578 43;
840 1513 919 1580 huic
943 1516 1006 1600 (sc
1028 1514 1120 1599 alvo)
1151 1514 1287 1582 luxuria
1316 1515 1442 1600 condit,
1470 1517 1549 1584 lruic
1573 1516 1750 1604 navigatur
1772 1517 1815 1585 ad
1841 1516 1989 1602 Phasim,
2013 1518 2096 1586 lruic

492 1618 652 1707 prolundi
675 1616 762 1686 vada
784 1618 1017 1708 exquiruntur.

265 1773 270 1784 .
387 1723 500 1792 Manil.
522 1725 552 1791 5.
575 1727 658 1795 202:
680 1725 758 1792 tecti
782 1745 865 1793 auro
889 1777 922 1793 ..
946 1726 1013 1795 iam
1039 1727 1224 1795 vescimur.

387 1832 470 1900 Plin.
493 1833 569 1901 hist
592 1836 657 1901 nat
679 1836 709 1900 9.
736 1834 812 1900 105:
834 1834 893 1923 qui
914 1834 1079 1902 viscimur
1103 1835 1275 1923 periculis,
1299 1835 1367 1904 iam
1389 1834 1583 1904 vestiamur.

439 1958 585 2026 Divitiae
609 1960 642 2025 et
666 1957 797 2026 luxuria
833 1977 894 2026 eae
932 1959 1151 2043 potissimum
1193 1958 1464 2047 indignationem
1505 1964 1644 2027 movent
1675 1964 1708 2028 et
1740 1959 2027 2049 philosophorum
2060 1964 2096 2029 et

279 2068 453 2136 rhetorum
477 2084 665 2152 eorumque
689 2064 842 2148 asseclis,
866 2085 953 2154 quae
977 2069 1118 2135 naturae
1138 2066 1351 2154 impugnent

443 2189 600 2272 „Habent
628 2189 696 2256 hoc
716 2188 860 2257 deliciae
890 2190 1051 2258 divitum:
1074 2192 1204 2258 malunt
1231 2210 1395 2276 quaerere
1418 2190 1535 2259 omnia
1558 2194 1701 2258 contra
1724 2193 1933 2259 naturam“
1958 2189 2096 2275 Quinct

277 2297 352 2365 dce.
376 2298 456 2365 min.
486 2295 566 2380 354)
589 2296 656 2362 hoc
680 2295 809 2363 crimen
833 2283 996 2364 omnibus
1022 2298 1108 2366 locis
1131 2297 1214 2366 varil
1240 2297 1416 2386 repetitur:

385 2401 571 2471 Labienus:
595 2399 675 2470 Sen.
698 2422 726 2470 c
754 2406 801 2470 10.
824 2406 854 2470 4.
879 2407 914 2471 7:
932 2404 994 2471 viri
1018 2408 1163 2473 contra
1186 2407 1370 2473 naturam
1393 2403 1528 2472 divitias
1547 2422 1629 2471 suas
1652 2407 1821 2472 exercent

386 2509 464 2578 Sen.
489 2507 588 2576 llere.
613 2507 687 2577 Oet
709 2510 790 2576 631:
813 2510 932 2594 avidis,
955 2510 1065 2579 avidis
1089 2514 1209 2579 natura
1232 2531 1353 2599 parum
1378 2514 1438 2578 est

439 2615 666 2683 Exordiamur
688 2619 724 2683 ut
746 2616 885 2704 saepius
909 2618 952 2685 113
977 2619 1041 2686 lrac
1066 2618 1100 2685 in
1125 2638 1161 2684 re
1185 2638 1205 2685 a
1231 2616 1409 2686 Sallustio:

385 2721 459 2792 Cat.
486 2725 535 2791 13.
561 2727 593 2789 1;
616 2742 695 2792 nam
719 2723 800 2809 quid
825 2744 1015 2793 memorem
1040 2744 1060 2794 a
1083 2724 1223 2813 privatis
1246 2723 1482 2813 compluribus
1507 2723 1696 2791 subvorsos
1720 2723 1856 2807 montis,
1881 2724 1987 2792 maria
2010 2744 2097 2793 con·

491 2834 594 2899 strata
616 2830 717 2898 esse?
739 2828 873 2915 Quibus
893 2832 976 2899 mihi
999 2833 1158 2901 videntur
1181 2833 1330 2902 ludibrio
1353 2832 1459 2900 luisse
1483 2832 1630 2900 divitiae.

385 2936 458 3006 Cat
482 2941 534 3005 20.
562 2940 613 3005 ll:
637 2988 645 3005 .
668 2989 675 3005 .
699 2938 859 3006 divitias.
883 2990 890 3005 .
913 2940 1124 3028 profundunt
1147 2940 1182 3007 in
1206 2938 1413 3008 exstruendo
1438 2939 1523 3007 mari
1547 2942 1580 3007 et
1604 2938 1780 3006 montibus
1804 2938 2063 3027 coaequandis·

385 3045 567 3113 Fabianus:
599 3042 679 3112 Sen.
709 3047 870 3112 2.1.13;
900 3067 943 3114 ex
974 3048 1040 3114 hoc
1069 3047 1226 3114 litoribus
1254 3066 1392 3136 quoque
1424 3046 1534 3113 moles
1559 3045 1763 3113 invehuntur
1787 3045 2032 3135 congestisque
2057 3045 2095 3112 in

491 3152 559 3220 alto
578 3150 676 3220 terris
699 3155 907 3239 exaggerant
929 3153 1035 3236 sinus,
1057 3153 1113 3221 alii
1140 3153 1246 3222 lossis
1269 3152 1434 3220 inducunt
1457 3171 1566 3220 mare:
1590 3150 1678 3220 adeo
1701 3151 1805 3218 nullis
1827 3151 1979 3237 gaudere
2001 3152 2095 3220 veris

492 3258 613 3341 sciunt,
636 3258 697 3325 sed
721 3258 940 3327 adversum
966 3263 1150 3328 naturam
1178 3260 1290 3329 aliena
1313 3260 1391 3327 loco
1414 3262 1471 3327 aut
1492 3261 1580 3326 terra
1603 3263 1660 3326 aut
1683 3277 1776 3326 mare
1800 3257 1954 3345 mutata¹)
1978 3259 2096 3346 aegris

492 3366 743 3433 oblectamento
767 3369 857 3433 sunt.

385 3474 513 3542 Rhetor
535 3471 675 3561 quidam
699 3492 751 3560 ap.
775 3470 853 3539 Sen.
877 3493 904 3539 c.
926 3474 956 3539 5.
980 3474 1016 3540 5:
1040 3525 1047 3539 .
1070 3524 1077 3539 .
1102 3473 1208 3541 maria
1231 3471 1394 3560 proiectis
1418 3471 1569 3539 molibus
1592 3473 1863 3538 summoventur.

384 3581 503 3669 Neque
535 3578 686 3646 Velleius
717 3578 819 3645 huius
848 3579 915 3646 loci
946 3579 1119 3648 inserendi
1155 3578 1376 3646 occasionem
1408 3577 1652 3666 praetermisit:
1680 3578 1711 3642 2.
1733 3579 1785 3643 33.
1809 3578 1829 3642 4
1862 3576 2096 3660 ..Lucullus

492 3685 652 3774 profusae
686 3684 787 3752 huius
818 3684 851 3751 in
882 3685 1037 3753 aediticis
1065 3684 1217 3752 luxuriae
1250 3684 1381 3773 primus
1413 3688 1531 3752 auctor
1562 3683 1632 3764 luit
1671 3703 1775 3772 quem
1810 3682 1855 3749 ob
1896 3683 2092 3752 iniectas

492 3794 623 3859 moles
654 3791 753 3858 mari
785 3796 823 3859 et
854 3797 1062 3883 receptum
1087 3791 1289 3860 suitossis
1313 3791 1527 3859 montibus
1551 3790 1592 3856 in
1616 3793 1764 3857 terram
1789 3808 1897 3857 mare
1927 3790 2016 3858 haud
2041 3791 2097 3857 in-

491 3899 599 3966 lacete
624 3897 809 3986 Pompeius
831 3898 981 3968 Xerxem
1005 3903 1159 3988 togatum
1171 3897 1196 3984 ¹)
1219 3918 1341 3966 vacare
1364 3898 1577 3967 adsueverat

438 4021 651 4108 Subiungam
676 4021 741 4105 bic,
763 4043 850 4111 quae
874 4024 999 4092 similia
1022 4025 1240 4114 proferuntur
1263 4023 1297 4089 in
1321 4022 1493 4111 descripto
1518 4019 1755 4089 aedificiorum
1781 4020 1880 4087 luxu:

384 4129 464 4198 Sall.
494 4127 567 4196 Cat.
608 4130 656 4195 12.
678 4131 713 4195 3;
770 4150 848 4197 cum
890 4130 1015 4198 domos
1059 4134 1160 4220 atque
1205 4130 1303 4198 villas
1350 4126 1555 4216 cognoveris
1600 4126 1642 4193 in
1690 4126 1870 4194 urbium
1918 4127 2091 4195 modurn

491 4234 834 4304 exaedificatas.

385 4340 465 4410 Sen.
489 4362 517 4408 c.
540 4343 570 4407 5.
593 4342 627 4409 5;
651 4392 689 4409 ..
725 4343 904 4411 intininitis
944 4347 1120 4432 porrectae
1156 4343 1276 4431 spatiis
1310 4340 1560 4409 ambulationes
1590 4344 1623 4408 et
1655 4339 1825 4408 urbium
1859 4340 1951 4408 solo
1982 4339 2093 4406 aedi·

490 4448 642 4517 licatae
666 4449 812 4518 domus
835 4471 905 4519 non
929 4471 995 4518 nos
1019 4468 1160 4538 propea
1177 4448 1314 4538 publico
1340 4446 1567 4515 excludunti.
1586 4451 1699 4515 ‚arata
1721 4445 1898 4537 quondam
1923 4445 2096 4535 populis
2147 4504 2150 4509 .

493 4575 586 4624 rura
598 4556 860 4644 singulorum
876 4578 968 4625 nunc
979 4557 1229 4644 ergastulorum
1240 4558 1320 4622 sunt
1335 4554 1502 4643 latiusque
1516 4554 1631 4622 vilici
1646 4575 1750 4640 quam
1770 4573 1896 4640 reges
1914 4552 2096 4642 imperant
2181 4539 2184 4545 ’

382 4663 452 4731 1131.
475 4663 563 4730 Max.
586 4667 615 4730 4.
640 4667 670 4731 4.
693 4666 728 4731 7:
752 4667 896 4751 anguste
920 4684 959 4731 se
973 4662 1123 4731 habitare
1139 4664 1346 4750 nuncputat,
1360 4660 1458 4728 cuius
1481 4659 1637 4729 domus
1657 4664 1786 4729 tanturn
1804 4663 1905 4749 patet,
1927 4663 2094 4745 quantum

494 4768 688 4839 Cincinnati
712 4792 790 4839 rura
813 4774 1004 4859 patuerunt.

277 4917 493 4926 ——.-—-

440 4963 462 5036 1)
482 4964 519 5023 ci.
537 4966 575 5021 de
594 4964 692 5020 Xerxe
713 4979 760 5036 ap.
779 4961 847 5020 Seri.
867 4979 949 5019 suas.
969 4965 995 5019 2.
1013 4964 1050 5018 3:
1069 4962 1162 5020 maria
1180 4967 1338 5034 actenus,
1356 4980 1453 5020 rerum
1473 4967 1610 5020 naturam
1627 4961 1754 5019 statione
1783 4960 1948 5018 immutavit
1966 4977 2032 5018 sua.
