4675 5575
1030 349 1241 447 2³„

336 561 520 630 Fabianus:
567 559 645 628 Sen.
669 580 697 628 c
720 562 749 630 2.
777 562 802 627 1.
830 563 885 626 ll:
908 559 1073 628 aedes..
1098 560 1131 628 in
1155 562 1287 628 tantum
1316 560 1509 640 extruxere,
1532 561 1567 624 ul
1591 608 1629 623 ..
1663 558 1731 625 sint
1760 576 1851 624 nunc
1878 556 2046 652 periculo,

443 687 513 733 non
537 665 722 754 praesidio:
753 668 844 733 tanta
866 664 1007 734 altitudo
1031 664 1258 740 aedilicorum
1291 667 1351 746 est,
1377 668 1413 732 111
1441 684 1553 753 neque
1583 663 1749 734 adversus
1774 662 1890 750 ignem
1913 662 2046 752 praesi-

444 773 549 854 dium,
572 792 684 861 neque
708 792 752 842 ex
776 771 883 842 ruinis
906 772 1011 840 ullam
1036 772 1070 874 in
1094 776 1226 855 partem
1250 771 1415 858 ellugium
1440 771 1492 839 sit
1515 771 1556 838 cl.
1576 771 1694 858 Juven.

973 953 1289 961 --—..-.....—-.„.

390 1056 573 1124 Rhetorum
598 1076 721 1124 causae
746 1055 835 1123 haud
859 1075 988 1143 paucae
998 1053 1024 1140 ¹)
1047 1055 1274 1124 facultatatem
1298 1056 1488 1123 ollerebant
1511 1054 1726 1122 scholasticis
1749 1052 1918 1121 declamdi

983 1218 1027 1282 3.·
1058 1214 1110 1283 de
1143 1218 1296 1283 morte.

389 1340 502 1408 Tertio
528 1339 628 1427 igitur
653 1340 731 1406 loco
745 1340 920 1428 proieram
955 1338 998 1405 de
1023 1339 1142 1407 mortis
1166 1340 1245 1407 loco
1269 1339 1478 1407 communia
1501 1338 1716 1407 scholasticis
1739 1338 1843 1423 vulgo
1866 1336 2041 1424 tractato⁸)

228 1468 317 1532 quae
342 1447 470 1515 similia
496 1449 686 1514 memorem
712 1445 794 1511 mibi
819 1444 927 1532 digna
949 1444 1161 1513 videbantur.

390 1553 439 1621 Ac
463 1553 612 1642 primum
637 1551 777 1642 quidem
799 1554 879 1618 sunt
902 1551 959 1635 qui
984 1552 1118 1619 subitos
1142 1555 1272 1620 mortes
1294 1552 1529 1620 describentes
1553 1550 1777 1619 consentiant.

390 1658 523 1728 Seneca
546 1664 657 1727 narrat
679 1658 722 1726 de
745 1658 846 1726 Musa
869 1658 1003 1726 rhetore
1029 1659 1061 1725 in
1088 1659 1191 1747 prael.
1220 1662 1266 1725 10.
1281 1661 1315 1726 9:
1338 1659 1382 1727 de
1405 1659 1560 1727 subitis
1585 1658 1789 1725 mortibus
1807 1657 1947 1725 memini
1963 1678 2042 1725 eum

229 1767 418 1835 dicentem:
462 1765 639 1856 [quidquid
677 1765 790 1834 avium
822 1764 949 1853 volitat}
979 1765 1146 1855 quidquid
1177 1765 1324 1853 piscium
1356 1768 1454 1848 natat,
1484 1764 1649 1854 quidquid
1689 1765 1838 1832 terarum
1872 1763 2046 1846 discurrit,

230 1873 356 1941 nostris
382 1873 545 1961 sepelitur
566 1872 751 1940 ventribus.
774 1891 901 1961 quaere
926 1892 1025 1953 nunc,
1049 1893 1110 1940 cur
1132 1873 1245 1940 subito
1269 1873 1468 1940 moriamur:
1491 1872 1658 1939 mortibus
1681 1871 1840 1937 vivimus.

335 1979 448 2047 Manil.
472 1983 501 2047 4.
530 1981 582 2046 10;
617 1983 796 2047 nascentes
829 1979 995 2046 morimur
1017 1980 1058 2046 cl.
1082 1977 1111 2046 C
1137 1980 1147 2045 1
1174 1978 1198 2045 L
1222 1979 1247 2045 ll
1271 1981 1359 2046 4421)
1382 1979 1426 2045 Xl
1451 1981 1547 2046 3274.

390 2139 407 2171 ,,
484 2090 513 2154 4.
537 2089 601 2155 534
626 2107 664 2155 se
688 2086 834 2175 quisque
859 2089 892 2153 et
915 2086 996 2152 vivit
1019 2090 1052 2154 et
1076 2087 1181 2153 eliert.
1424 2082 1428 2091 ’

390 2193 528 2262 Certam
553 2194 751 2261 bominibus
771 2213 848 2260 esse
874 2195 1020 2259 mortem
1045 2197 1124 2260 sunt
1145 2192 1204 2282 qui
1228 2193 1400 2260 allirment
1423 2193 1531 2259 velut:

336 2300 482 2368 Arellius
506 2302 635 2368 Fuscus
658 2320 711 2388 ap.
735 2297 814 2367 Sen.
843 2303 867 2366 1.
890 2303 919 2366 2.
944 2302 981 2364 21
1005 2289 1129 2367 statuta
1153 2299 1375 2367 nascentibus
1399 2299 1432 2365 in
1456 2299 1562 2366 linem
1585 2298 1672 2366 vilae
1695 2298 1770 2366 dies
1796 2301 1856 2365 est

338 2404 405 2474 Sen
431 2426 483 2494 ep.
507 2427 591 2472 mor.
614 2409 666 2473 99.
690 2407 729 2472 8:
754 2405 808 2471 cui
834 2404 929 2472 nasci
955 2395 1218 2491 corrigiarum
1244 2408 1354 2473 restat.

337 2511 443 2579 Bilch.
467 2532 568 2580 carm.
590 2533 643 2601 ep,
673 2514 766 2578 1507.
790 2513 828 2577 7:
852 2511 906 2578 cui
931 2511 1073 2598 contigit
1098 2512 1203 2594 nasci,
1227 2513 1328 2579 instat
1351 2516 1384 2579 el
1406 2512 1503 2579 mori.

390 2617 596 2706 Multiplices
620 2638 697 2686 esse
722 2618 841 2685 mortis
863 2618 936 2686 vias
961 2617 1016 2685 alii
1041 2619 1257 2702 praedicant:

338 2721 474 2792 Cestius
496 2744 549 2813 ap.
573 2722 651 2793 Sen.
675 2746 702 2793 c
726 2727 755 2792 7.
785 2728 809 2791 1.
832 2728 868 2792 9:
898 2726 1022 2794 multas
1046 2746 1159 2793 rerum
1184 2729 1301 2794 natura
1325 2726 1443 2793 mortis
1466 2726 1539 2793 vias
1560 2725 1692 2815 aperuit
1715 2728 1748 2793 et
1773 2724 1888 2792 mullis
1912 2724 2041 2792 itineri-

443 2833 509 2899 bus
532 2834 598 2900 iala
622 2833 815 2900 decurrunt.

338 2937 478 3007 Publius
501 2938 689 3028 Asprenas:
717 2937 795 3007 Sen.
821 2960 849 3006 c.
881 2943 904 3006 1.
927 2943 958 3007 8.
982 2942 1019 3007 6:
1042 2939 1213 3008 lotidem
1237 2940 1280 3006 ad
1306 2943 1451 3007 mortem
1475 2940 1566 3006 viae
1590 2945 1677 3006 sunt.

337 3044 434 3113 Ovid.
458 3047 525 3113 her.
549 3050 595 3113 10.
610 3049 669 3113 811
693 3098 699 3112 .
723 3098 730 3112 .
760 3050 929 3114 occurunt
953 3047 1068 3114 animo
1087 3046 1252 3134 pereundi
1277 3046 1394 3113 mille
1412 3047 1552 3134 ligurae.

338 3150 417 3220 Sen.
441 3151 525 3219 Oed.
554 3156 633 3220 151:
657 3154 768 3220 mille
793 3153 836 3220 ad
861 3154 950 3221 hanc
973 3154 1084 3222 aditus
1106 3157 1230 3241 patent.
1254 3153 1329 3220 sim.
1353 3150 1432 3220 Sen.
1455 3153 1497 3221 de
1518 3173 1610 3236 prov.
1634 3156 1664 3219 1).
1688 3156 1717 3220 b.

337 3258 398 3327 Ov.
421 3264 499 3326 met
527 3261 665 3326 115381
688 3259 900 3345 totidemque
915 3260 1071 3327 videntur
1084 3263 1167 3344 quoi
1191 3259 1328 3327 veniant
1342 3260 1465 3327 lluctus
1481 3280 1577 3326 ruere
1592 3263 1692 3348 alque
1706 3259 1894 3347 irrumpere
1911 3264 2040 3328 mortes

337 3365 457 3432 Tibull.
487 3369 511 3431 1.
535 3369 564 3431 3.
586 3368 645 3432 50:
668 3386 759 3433 nunc
783 3366 839 3433 leti
865 3367 968 3434 multa
992 3371 1130 3456 reperta
1153 3365 1208 3434 via
1231 3371 1291 3434 est

336 3469 475 3540 Cestius
507 3472 587 3540 Pius
618 3472 697 3540 Sen.
720 3493 747 3540 c.
772 3475 800 3539 7.
830 3477 854 3539 1.
878 3476 914 3540 9:
964 3474 1048 3542 baec
1081 3478 1132 3542 est
1161 3473 1320 3541 condicio
1352 3474 1543 3541 miserrima
1575 3472 1714 3541 humani
1757 3473 1905 3559 generis
1946 3472 2039 3562 quod

444 3581 618 3647 nascimur
644 3599 713 3647 uno
744 3582 859 3662 modo,
892 3580 1008 3648 mullis
1038 3580 1238 3663 morimuril
1263 3633 1300 3647 ..
1332 3581 1425 3647 mille
1454 3582 1539 3649 aliae
1572 3583 1700 3648 mortes
1731 3580 1934 3648 insidiantur
1959 3580 2039 3647 huic

444 3686 656 3753 miserrimae
679 3687 826 3754 animae.

389 3791 484 3858 Mors
508 3792 588 3881 quid
613 3793 665 3875 sil,
688 3792 877 3861 identidem
902 3792 1058 3860 similiter
1082 3795 1281 3882 exponitur:

336 3897 483 3965 Arellius
507 3899 635 3967 Fuscus
658 3919 710 3987 ap.
724 3897 802 3966 Sen.
817 3920 843 3967 s.
860 3902 889 3966 2.
908 3902 943 3965 2:
967 3905 1127 3988 optamus
1150 3902 1303 3990 plerique
1328 3906 1487 3968 mortem:
1510 3901 1597 3969 adeo
1622 3903 1655 3967 in
1675 3920 1831 3968 securam
1854 3901 2039 3990 quietem

443 4025 602 4073 recessus
634 4026 682 4073 ex
711 4006 795 4074 vila
827 4011 887 4074 est.

336 4107 439 4199 ¹Corn.
463 4111 546 4200 Nep.
570 4111 633 4179 Au.
657 4114 699 4177 22
723 4164 760 4178 ..
792 4116 826 4179 111
849 4133 918 4178 non
941 4133 990 4179 ex
1011 4113 1110 4197 vita,
1141 4115 1202 4181 sed
1233 4135 1275 4181 ex
1297 4115 1403 4182 domo
1429 4113 1461 4181 in
1486 4114 1628 4181 domum
1651 4114 1822 4182 videretur
1845 4113 2031 4199 migrare

334 4216 417 4283 Vell.
441 4217 461 4282 l.
491 4219 542 4283 17:
565 4217 632 4284 hoc
656 4223 707 4285 est
729 4219 889 4286 nimirum
915 4220 1025 4306 magis
1048 4220 1190 4289 leliciter
1217 4222 1267 4288 de
1291 4222 1375 4289 vila
1399 4221 1578 4307 migrare
1602 4240 1704 4310 quam
1729 4222 1826 4288 mori.

336 4321 415 4391 Sall.
439 4322 511 4392 Cal.
534 4327 586 4391 51.
608 4328 664 4391 20:
689 4325 721 4391 in
747 4326 922 4393 miseris
947 4331 1091 4394 mortem
1115 4348 1354 4397 aerumnarum
1379 4329 1532 4416 requiem
1557 4348 1643 4395 esse.

336 4428 415 4498 Sen.
438 4431 556 4519 Agam.
580 4434 660 4498 591:
683 4484 691 4498 .
714 4484 721 4499 .
746 4433 893 4500 miseros
918 4433 1023 4502 libera
1048 4456 1141 4503 mors
1164 4440 1264 4503 vocet
1287 4440 1405 4524 portus
1430 4438 1566 4502 aeterna
1589 4434 1744 4522 placidus
1771 4433 1894 4523 quiete.

493 4590 509 4621 ‚,
576 4540 656 4605 790:
679 4543 814 4627 optatus
841 4540 899 4607 ille
924 4545 1043 4629 portus
1067 4543 1241 4610 aerumnis
1264 4541 1369 4610 adest.

379 4698 397 4729 ‚,
444 4646 543 4714 Herc.
567 4643 640 4714 Oet
669 4649 766 4714 1021:
791 4667 886 4714 mors
911 4649 985 4716 sola
1009 4653 1126 4737 portus
1150 4649 1284 4716 dabitur
1306 4649 1479 4717 aerumnis
1504 4649 1599 4715 meis.

229 4739 394 4746 ...—-——--

336 4769 359 4839 1)
376 4772 457 4826 velut
475 4771 513 4827 de
532 4770 682 4829 homicida
699 4770 834 4828 actiones
852 4788 900 4842 ap.
918 4770 988 4828 Sen.
1007 4789 1033 4830 c.
1051 4776 1076 4828 5.
1098 4776 1129 4839 1;
1151 4774 1224 4828 104
1242 4776 1361 4830 etsuas.
1372 4773 1505 4829 secunda
1524 4788 1581 4844 qua
1599 4771 1695 4843 agitur
1704 4773 1742 4828 de
1756 4771 1898 4828 trecentis
1912 4771 2037 4829 Laconi·

229 4841 295 4909 bus,
314 4839 364 4913 qui
385 4841 574 4911 „deliberant
598 4859 635 4897 an
655 4845 685 4898 el
702 4842 760 4915 ipsi
779 4842 918 4913 lugiant“.

334 4912 413 4979 8lcl.
432 4914 494 4969 Val.
512 4913 576 4971 lllar
594 4913 623 4970 in
642 4914 740 4999 capite
759 4913 797 4970 lX
818 4916 850 4975 12
869 4917 906 4971 de
926 4915 1071 4972 mortibus
1091 4930 1150 4970 non
1168 4913 1351 4986 vulgaribus.

335 4985 358 5054 ³)
377 4983 483 5040 similis
502 4986 658 5042 antithesis
678 5003 707 5041 rn
725 4987 830 5043 eadem
851 5003 882 5042 re
902 5002 949 5059 ap.
968 4985 1037 5042 Sen.
1055 4987 1128 5057 phil.
1138 5002 1207 5057 epp.
1226 4988 1268 5040 70.
1291 4987 1323 5040 14
1338 5002 1428 5041 unum
1448 4984 1596 5043 introitum
1616 5018 1651 5026 -
1669 4986 1766 5042 exitus
1786 4986 1878 5044 multi.

1927 5061 1948 5127 5
