4675 5575
1173 353 1216 420 34

1088 445 1301 454 u—--—-—.

391 567 469 635 Tac.
492 566 568 634 hist
579 568 666 633 458
686 569 831 633 mortem
855 565 961 632 linem
986 565 1212 633 miseriarum.
1257 564 1352 633 Curi.
1373 569 1433 634 5.7.
1457 570 1477 632 9
1500 619 1508 634 .
1529 618 1537 632 .
1560 568 1718 636 ultimum
1742 569 1897 636 omnium
1921 590 2015 637 mors
2038 573 2100 638 est

396 671 492 762 Calp.
518 673 623 741 Flacc.
646 672 711 740 dcl.
739 676 764 738 1.
788 692 883 740 mors
906 676 999 740 certo
1023 671 1103 739 linis
1126 672 1276 741 estsine
1302 679 1469 761 respectu.

444 779 590 847 Mortem
613 779 799 869 optandam
823 798 901 847 esse
924 799 997 847 rem
1029 798 1141 867 neque
1165 779 1385 847 metuendam
1409 780 1502 848 utin
1528 781 1658 848 scholis
1677 785 1943 870 pertrectaretur‚
1966 783 2098 851 allicie-

284 885 366 953 bant
388 906 511 955 causae
535 887 626 954 velut
649 884 728 953 Sen.
751 905 842 954 suas.
866 883 933 970 6¹).
980 885 1061 954 lnde
1091 885 1343 953 consensiones
1369 887 1467 954 haec:

393 990 465 1060 Cic.
499 995 576 1081 (pro
609 992 677 1060 Mil.
707 993 780 1078 37);
812 993 955 1060 verbum
978 1012 998 1059 a
1022 989 1139 1059 Cestio
1164 990 1226 1059 Pio
1251 993 1421 1062 laudatum
1446 1013 1499 1082 ap.
1529 991 1609 1062 Sen.
1638 1014 1727 1062 suas.
1757 998 1786 1062 7.
1810 999 1849 1062 3;
1875 996 1962 1064 mori
2004 998 2096 1065 enim

498 1103 637 1167 naturae
660 1100 740 1166 linis
764 1103 824 1180 est,
850 1119 919 1166 non
945 1118 1067 1187 poena

396 1204 502 1274 Biich.
526 1226 628 1274 carm.
652 1206 729 1294 ep?
754 1226 849 1273 mors
871 1206 1051 1273 hominum
1075 1209 1202 1288 natura,
1225 1226 1294 1273 non
1317 1225 1430 1294 poena
1454 1211 1514 1275 est

393 1310 473 1381 Sen.
497 1313 596 1380 llere.
621 1312 695 1381 Oet
718 1315 798 1379 930:
823 1313 957 1381 interim
982 1331 1095 1400 poena
1118 1314 1171 1379 est
1193 1312 1290 1394 mori,
1309 1312 1370 1379 sed
1397 1332 1501 1402 saepe
1525 1314 1665 1382 donum.

393 1417 453 1488 Ov.
473 1420 541 1486 her.
569 1423 616 1487 10.
640 1422 682 1486 82
707 1439 801 1486 mors
825 1471 832 1485 .
855 1471 863 1485 .
889 1419 1004 1485 minus
1027 1438 1160 1506 poenae
1184 1437 1287 1507 quam
1313 1440 1409 1487 mora
1436 1421 1555 1489 mortis
1578 1422 1687 1488 habet

393 1524 528 1611 Quinct
552 1526 627 1594 inst
650 1530 731 1594 orat
750 1529 780 1593 8.
803 1529 832 1593 5.
856 1530 876 1593 6
899 1545 1009 1615 usque
1032 1524 1166 1592 adeone
1189 1526 1277 1593 mori
1302 1527 1466 1594 miserum
1491 1528 1566 1595 esti

393 1632 472 1701 Sen.
495 1654 523 1701 c.
546 1636 576 1700 3.
600 1636 636 1700 5:
666 1632 840 1701 crudelius
864 1636 916 1701 est
938 1653 1040 1721 quam
1066 1632 1153 1698 mori
1176 1652 1314 1720 semper
1337 1637 1481 1700 mortem
1506 1634 1634 1701 timere.

392 1738 484 1808 Curi
513 1743 561 1806 10.
584 1742 613 1806 5.
637 1742 680 1807 28
704 1739 823 1807 mortis
847 1791 854 1806 .
877 1791 884 1806 .
910 1743 1023 1806 metus
1048 1742 1182 1806 ceteros
1205 1740 1385 1808 exanimat

391 1845 470 1915 Sen.
493 1847 569 1914 Tro.
591 1848 675 1914 869:
699 1846 850 1934 optanda
874 1866 969 1913 mors
992 1847 1142 1914 estsine
1168 1849 1259 1911 metu
1285 1848 1403 1914 mortis
1428 1847 1524 1913 mori.

391 1952 527 2038 Quinct
550 1954 635 2021 deci.
659 1955 688 2019 7.
712 1973 732 2020 o
757 1973 851 2020 mors
876 1952 1045 2021 laudanda
1068 1952 1222 2034 fortibus,
1244 1953 1435 2041 expetenda
1459 1953 1604 2037 miseris,
1630 1975 1699 2022 non
1719 1955 1909 2023 recusanda
1932 1955 2096 2023 felicibus.

392 2059 470 2129 Sen.
494 2061 571 2128 Tro.
594 2063 654 2127 331
684 2064 829 2128 mortem
855 2060 1052 2127 misericors
1076 2080 1181 2148 saepe
1205 2080 1267 2148 pro
1290 2059 1358 2126 vila
1381 2060 1481 2127 dabit

391 2168 474 2235 Vell.
497 2171 527 2234 2.
551 2169 608 2235 66:
631 2220 638 2235 .
661 2220 668 2234 .
692 2167 794 2235 vitam
816 2167 1029 2235 miseriorem
1054 2170 1086 2233 te
1110 2166 1264 2255 principe
1288 2187 1390 2255 quam
1415 2167 1479 2234 sub
1504 2171 1536 2235 te
1560 2168 1736 2235 triumviro
1759 2173 1904 2237 mortem
1929 2220 1966 2235 ..

393 2273 471 2342 Sen.
492 2295 519 2341 c.
534 2277 595 2341 84:
620 2274 769 2363 quidest
793 2274 825 2339 in
849 2273 916 2342 vita
940 2273 1100 2340 miserius
1123 2293 1227 2362 quam
1252 2274 1338 2339 mori
1361 2274 1457 2340 velle.

391 2380 496 2464 Biich.
520 2400 621 2449 carm.
645 2402 698 2469 ep.
726 2382 822 2447 1559:
846 2400 940 2447 mors
965 2380 1070 2447 levior
1093 2384 1145 2447 est
1167 2400 1280 2468 poena
1295 2400 1398 2469 quarn
1422 2400 1585 2469 quaerere
1609 2385 1763 2448 mortem.

392 2486 471 2554 Sen.
493 2486 556 2574 Ag.
578 2489 660 2554 996:
684 2490 830 2554 mortem
854 2486 983 2576 aliquid
1008 2487 1093 2554 ultra
1116 2486 1190 2554 est?
1213 2487 1289 2569 vita,
1311 2487 1340 2552 si
1364 2487 1484 2574 cupias
1507 2488 1604 2555 mori.

443 2591 557 2678 Quare
580 2594 675 2661 neias
698 2597 832 2682 putatur
854 2594 1035 2682 prohibere
1058 2593 1163 2675 „mori
1188 2594 1392 2661 volentem“:

391 2699 469 2768 Seu.
493 2721 520 2768 c.
543 2703 601 2767 84:
625 2721 693 2767 non
718 2700 829 2787 magis
852 2701 1009 2768 crudeles
1033 2704 1120 2780 sunt,
1152 2700 1209 2790 qui
1233 2701 1387 2768 volentes
1409 2700 1521 2767 vivere
1550 2701 1709 2768 occidunt
1731 2722 1833 2791 quam
1857 2703 1913 2791 qui
1938 2704 2095 2770 volentes

500 2809 587 2875 mori
612 2829 681 2875 non.
707 2809 831 2875 sinunt.

392 2915 433 2981 ci.
457 2915 538 2981 lior.
562 2935 614 3003 ep.
637 2915 679 2983 ad
706 2914 772 2982 Pis.
795 2918 878 2982 466ε
905 2914 1046 2981 invitum
1070 2916 1128 3003 qui
1152 2920 1272 2997 servat,
1296 2915 1387 2982 idem
1418 2916 1496 2982 iacit
1521 2915 1700 2982 occidenti.

395 3020 474 3090 Sen.
499 3021 597 3089 llerc
622 3021 695 3090 Oet.
718 3025 800 3088 929:
825 3021 1044 3111 quincunque
1068 3022 1196 3090 misero
1220 3024 1305 3090 torte
1328 3021 1504 3088 dissuadet
1522 3021 1618 3101 mori,
1641 3021 1789 3089 crudelis
1812 3028 1872 3089 est.

392 3128 434 3195 id.
459 3127 586 3195 Phoen.
609 3131 671 3195 98:
696 3128 753 3217 qui
777 3129 869 3215 cogit
893 3128 997 3195 mori
1023 3128 1237 3197 nolentem
1263 3129 1295 3195 in
1320 3148 1430 3218 aequo
1454 3131 1507 3195 est
1529 3128 1657 3217 quique
1680 3134 1919 3217 properantem
1943 3129 2095 3218 impedit

392 3235 435 3302 id.
458 3235 501 3302 de
526 3235 574 3304 ira
603 3239 627 3301 1.
655 3239 701 3302 16.
725 3237 745 3301 3
770 3235 903 3302 interim
928 3235 1171 3305 misercordiae
1195 3256 1305 3323 genus
1329 3238 1380 3301 est
1403 3232 1603 3319 occideret)

445 3501 513 3570 Sed
539 3501 815 3591 quaestiunculae
838 3502 1079 3571 circumcisum
1101 3502 1248 3590 spatium
1280 3520 1322 3566 ne
1346 3499 1563 3584 excedamus,
1592 3521 1735 3569 necesse
1765 3502 1835 3583 erit,
1869 3523 1957 3592 quae
1992 3524 2095 3570 excu-

285 3609 401 3678 tienda
425 3610 507 3676 mihi
532 3612 613 3676 sunt
628 3608 671 3675 de
696 3608 782 3675 locis
808 3609 1052 3676 communibus
1075 3608 1204 3696 reliqua
1227 3606 1363 3673 brevius
1389 3606 1580 3694 complecti.
1627 3608 1740 3697 ltaque
1765 3608 1798 3674 in
1823 3616 1975 3677 extrema
2001 3613 2093 3698 parte

288 3715 472 3783 dicendum
497 3715 560 3783 erit

704 3860 733 3922 4.
780 3858 828 3925 de
858 3856 1039 3924 diversis
1068 3855 1163 3923 aliis
1197 3856 1304 3923 locis
1335 3857 1625 3924 communibus.

447 3998 580 4065 lnitium
601 3999 777 4087 capiamus
801 4019 820 4067 a
844 3997 1021 4065 sententiis
1052 3997 1268 4086 quibusdam,
1301 3999 1344 4066 de
1373 4001 1449 4067 loco
1480 4000 1592 4088 „spei‘
1622 3999 1751 4088 petetis,
1774 4001 1899 4090 quibus
1922 4002 2094 4090 plerisque

286 4107 356 4174 iere
380 4105 507 4193 aliquid
534 4105 621 4173 inest
645 4104 846 4194 inopinatiss)
872 4105 983 4171 hisce:

392 4212 490 4298 Verg.
513 4211 596 4278 Aen.
619 4214 648 4278 2.
671 4214 750 4279 354:
776 4231 843 4279 una
867 4212 959 4278 salus
983 4210 1080 4277 victis
1105 4212 1232 4279 nullam
1256 4232 1395 4300 sperare
1420 4212 1575 4281 salutem.

392 4316 490 4387 Ovid.
514 4322 592 4385 met.
621 4321 668 4383 14.
691 4321 769 4384 490
796 4336 917 4384 secura
940 4337 1076 4385 summa
1100 4319 1277 4386 malorum.

447 4496 468 4564 1)
490 4494 651 4565 „deliberat
670 4490 776 4551 Cicerc
794 4509 831 4548 an
850 4492 1031 4550 Autoninum
1056 4495 1256 4568 deprecetur.“
1296 4496 1333 4552 cl.
1352 4494 1561 4553 historicorum
1577 4497 1763 4555 landationes
1776 4498 1947 4554 iunebresa
1978 4496 2095 4555 Seneca

285 4568 419 4624 adsertas
438 4570 464 4622 6.
486 4569 606 4633 15-27;
625 4563 742 4637 respice
761 4566 798 4621 ad
818 4581 847 4637 p.
864 4568 908 4621 23.

445 4637 469 4708 ²)
487 4638 524 4693 de
543 4636 591 4692 his
611 4636 714 4693 mortis
741 4636 924 4693 voluntariae
950 4635 1169 4693 laudationibus
1189 4636 1351 4693 scholastis
1370 4638 1407 4694 cl.
1432 4636 1588 4694 Morawski
1606 4639 1703 4711 (Rhet.
1722 4639 1805 4698 Rom.
1823 4640 1970 4712 ampullae
1990 4639 2025 4710 ll)
2044 4638 2094 4712 qui

285 4724 373 4837 porro
391 4709 489 4766 alieri:
527 4707 600 4763 Plin.
619 4707 687 4764 hist.
711 4711 769 4764 nat.
792 4710 818 4767 2.
832 4710 877 4779 27,
898 4710 957 4764 156.
994 4706 1063 4764 Seu.
1082 4725 1150 4781 epp.
1169 4711 1213 4765 70.
1234 4710 1267 4763 14
1285 4711 1322 4764 de
1341 4724 1424 4793 prov.
1442 4713 1469 4764 6.
1488 4712 1513 4766 7.
1550 4711 1637 4767 llere
1655 4711 1709 4766 tur.
1727 4712 1780 4766 933
1799 4711 1905 4767 Lucan.
1923 4713 1950 4765 9.
1967 4714 2016 4771 211
2038 4714 2095 4767 etc

309 4781 440 4838 iusmodi
459 4780 538 4836 dicta
557 4795 664 4852 sapere
682 4795 771 4835 nemo
790 4796 850 4836 non
869 4780 960 4837 sentit
987 4778 1155 4837 Stoicorum
1175 4779 1398 4851 philosophiam
1420 4797 1507 4853 quam
1527 4783 1605 4855 apud
1633 4781 1832 4838 scholasticos
1852 4782 1976 4838 multum
1995 4783 2093 4839 valere

286 4853 345 4910 iam
366 4856 470 4908 antee
512 4851 657 4907 osuimus.

338 4995 356 5051 b
395 4995 405 5050 Ι
443 4867 525 5007 llxge
545 4921 614 4992 illis,
632 4938 718 4995 quos,
737 4922 843 4995 propie
864 4924 1006 4993 „sensus“
1028 4921 1203 4981 scholastici
1221 4924 1377 4991 vocabant,
1405 4923 1434 4979 in
1454 4928 1537 4997 parte
1569 4924 1660 4980 altera
1679 4923 1936 4995 quaestiumculae
1974 4928 2094 4982 nostrae

285 5010 376 5051 vera
406 5010 549 5051 sciemus.
