4675 5575
1015 355 1229 456 ...1-

208 570 278 640 Val.
299 571 389 638 Marc
413 572 444 652 6,
466 570 497 651 2,
521 570 554 635 5:
577 566 659 657 quid
687 566 795 654 ergo?
823 566 961 635 libertas
988 564 1064 633 sine
1173 562 1252 633 Sen.
1276 564 1353 632 dial.
1382 567 1412 647 2,
1440 567 1470 647 2,
1500 566 1533 632 2;
1564 585 1675 655 neque
1709 564 1801 632 enim
1832 563 1918 633 Cato
1950 570 2029 654 post

318 675 474 745 Catone?
497 694 567 743 non
597 673 709 761 magis
736 691 840 763 quam
868 671 956 742 Cato
989 672 1063 741 sine
1280 671 1470 740 libertatem
1500 670 1583 739 vixit
1609 692 1674 739 nec
1697 671 1836 740 libertas
1860 675 1939 760 post
1961 670 2029 740 Ca-

317 783 479 852 libertute.
1279 781 1406 846 tonem.
1416 777 1441 863 1)

372 919 977 1012 81111111101111111111,10111111111
1010 920 1129 1007 ligura,
1159 941 1227 1010 qua
1257 920 1351 988 verbi
1390 919 1567 1000 „vincere“
1600 920 1687 988 duae
1711 921 1841 989 lormae
1872 920 2028 1010 inprimis

211 1030 314 1102 activi
338 1035 371 1098 et
394 1027 521 1120 passivi
546 1030 779 1117 opponantur:

318 1136 432 1205 Manli.
454 1139 484 1218 4,
507 1136 566 1202 86:
591 1132 803 1201 invictum
828 1132 998 1201 devicta
1022 1138 1131 1202 morte
1155 1131 1335 1201 Catonem.

319 1242 395 1309 Luc.
417 1244 447 1324 9,
469 1242 551 1308 299:
574 1259 755 1330 poenaque
778 1239 822 1307 de
844 1239 981 1308 victis
1004 1241 1078 1308 sola
1106 1241 1157 1309 est
1187 1239 1361 1307 vicisse
1393 1235 1573 1305 Catonem.
1616 1239 1669 1305 vel
1703 1238 1860 1308 eiusdem
1892 1240 2029 1311 notissi-

425 1368 519 1415 mum
544 1345 642 1414 illud:
665 1345 827 1414 victrix
850 1365 980 1414 causa
1003 1345 1091 1414 diis
1115 1346 1296 1435 placuit,
1319 1343 1395 1413 sed
1418 1344 1532 1411 victa
1556 1342 1722 1413 Catoni.

317 1454 416 1522 Anth.
439 1455 493 1523 lat
517 1453 617 1522 Riese
646 1452 656 1518 i
689 1455 772 1521 397:
805 1452 997 1521 invictus
1026 1452 1159 1520 victis
1188 1452 1222 1519 in
1256 1450 1408 1541 partibus
1442 1450 1561 1518 omnia
1597 1448 1727 1519 Caesar
1756 1452 1935 1521 vincere
1970 1453 2027 1542 qui

425 1559 541 1650 potuit
564 1564 607 1641 te,
629 1557 725 1643 Cato,
749 1579 819 1627 non
842 1559 961 1647 potuit

319 1667 420 1734 Anth.
443 1667 497 1733 lat.
521 1664 622 1734 Riese
647 1665 668 1748 l,
692 1667 774 1733 399:
797 1665 902 1734 vincit
924 1687 1017 1735 nunc
1040 1664 1136 1741 Cato,
1159 1666 1189 1733 si
1214 1664 1366 1732 moritur.

927 1826 956 1892 7.
1003 1826 1053 1894 de
1088 1824 1317 1895 Cicerone.

372 1949 469 2036 Quae
497 1950 643 2040 exposui
672 1949 732 2034 de·
748 1948 881 2019 Catone
912 1950 1197 2018 scholasticorum
1227 1950 1390 2038 exemplo
1425 1948 1612 2031 tritissimo,
1639 1948 1807 2039 quadrant
1829 1949 1899 2017 lere
1929 1949 2029 2017 111111

211 2055 593 2140 71111111011110111111,
616 2056 795 2126 lacundiae
818 2059 886 2124 tam
905 2057 1130 2126 scholasticae
1153 2077 1257 2148 quam
1282 2055 1432 2123 lorensis
1455 2053 1676 2136 antistitem')
1700 2053 1801 2139 Quod
1827 2059 1862 2122 ut
1884 2055 2028 2123 demon-

212 2168 334 2233 stretur
355 2163 503 2233 sufficiat
526 2163 583 2231 hic
604 2163 709 2232 allere
734 2163 767 2230 in
792 2162 982 2231 enarranda
1005 2162 1188 2232 Ciceronis
1212 2166 1321 2231 morte
1346 2163 1432 2230 inter
1455 2167 1611 2230 auctores
1633 2162 1922 2230 communitatem.

373 2268 594 2355 „Quotiens“,
616 2272 653 2336 ut
675 2269 722 2337 ait
744 2266 878 2338 Seneca
901 2271 1005 2355 (suas,
1029 2273 1059 2352 o,
1082 2271 1149 2356 21),
1175 2269 1313 2358 „magni
1337 2269 1483 2337 alicuius
1508 2288 1602 2336 mors
1632 2269 1674 2336 ab
1703 2268 1874 2336 historicis
1897 2274 2029 2338 narrata

210 2381 272 2461 est,
294 2377 420 2445 totiens
442 2377 513 2445 lere
536 2374 793 2443 consummatio
815 2374 919 2442 totius
943 2376 1030 2443 vitae
1060 2380 1093 2444 et
1123 2376 1222 2465 quasi
1252 2376 1454 2444 lunebris
1486 2375 1680 2443 laudatio
1710 2373 1891 2442 redditur.
1915 2426 1922 2441 .
1944 2425 1952 2441 .
1975 2395 2029 2443 se-

212 2486 358 2574 quentes
381 2481 535 2551 historici
560 2482 668 2548 multo
688 2481 722 2548 id
746 2480 892 2549 ellusius
915 2482 1096 2550 iecerunt“
1143 2482 1261 2550 Talem
1281 2480 1462 2549 Ciceronis
1488 2481 1737 2562 „laudationem
1769 2482 1969 2549 lunebrem“
1994 2484 2030 2548 ut

210 2587 410 2658 Cremutius
433 2588 571 2657 Cordus
594 2592 628 2657 et
650 2587 806 2655 Aufidius
822 2586 952 2655 Bassus
976 2587 1127 2656 historici
1139 2589 1302 2678 aequales
1321 2587 1365 2655 ita
1387 2588 1538 2655 Velleius
1548 2589 1716 2676 opusculo
1725 2607 1790 2656 suo
1798 2587 1949 2656 inserere
1958 2609 2028 2656 non

211 2695 384 2764 dubitavit
421 2696 463 2782 (ll
496 2696 561 2782 ob.)
610 2694 692 2763 Eam
716 2713 798 2762 vero
821 2714 865 2762 ex
889 2696 983 2762 tonte
998 2694 1287 2763 declamationum
1305 2694 1405 2784 plane
1421 2693 1592 2782 prodiisse
1607 2694 1781 2763 evidenter
1794 2695 2030 2763 demonstrant

214 2802 347 2870 similes
370 2803 423 2869 vel
448 2801 657 2888 rhetoruml)
679 2803 733 2869 vel
757 2801 999 2870 historicorum
1023 2801 1180 2870 eiusdem
1203 2802 1341 2889 generis
1365 2801 1597 2869 laudationum
1623 2803 1730 2884 locos,
1753 2822 1842 2892 quos
1865 2802 1899 2870 in
1923 2823 2028 2870 unum

212 2910 398 2995 congestos
421 2908 770 2998 conspectumliceat
792 2908 848 2976 hic
871 2909 1040 2993 prolerre:
1329 2998 1333 3005 Ι

265 3013 347 3081 Veli.
370 3018 400 3099 2,
414 3019 472 3083 66:
487 3015 709 3104 abscissaque
724 3033 801 3082 sce-
962 3012 1055 3084 Sen.
1078 3035 1168 3084 suas.
1192 3019 1223 3098 11,
1245 3018 1306 3083 21);
1332 3013 1517 3083 Cornelius
1541 3011 1704 3081 Severus:

372 3121 443 3189 lere
474 3120 602 3189 Antoni
633 3143 701 3190 vox
739 3142 801 3209 pu·
1068 3122 1206 3210 publica
1228 3142 1295 3189 vox
1317 3120 1430 3189 saevis
1454 3123 1628 3188 aeteruum
1653 3121 1823 3188 obmutuit
1844 3123 1959 3191 armis.

373 3227 463 3296 blica
486 3230 546 3295 est
963 3226 1070 3295 Ovid
1093 3248 1149 3296 am
1173 3232 1203 3310 2,
1226 3231 1256 3311 7,
1279 3230 1338 3295 37:
1362 3225 1487 3295 occidit
1511 3226 1566 3294 ille
1590 3227 1718 3311 loquax
1741 3229 1912 3297 humanae
1933 3230 2028 3298 vocis

1069 3334 1195 3423 imago.

1123 3443 1164 3509 cl.
1189 3439 1269 3509 Sen.
1294 3442 1397 3530 praei.
1426 3444 1473 3524 10,
1496 3443 1526 3508 d.
1572 3444 1677 3508 contr.
1706 3445 1753 3524 10,
1777 3445 1806 3523 4,
1829 3445 1860 3509 b.

332 3567 411 3614 cum
435 3546 510 3614 eius
532 3545 677 3614 salutem
697 3563 800 3612 nemo
962 3547 1048 3616 Cic.
1071 3548 1115 3615 de
1137 3551 1220 3616 orat
1244 3550 1274 3629 3,
1298 3550 1318 3614 3
1340 3547 1399 3633 (de
1423 3546 1467 3613 M.
1490 3546 1640 3614 Antonio
1664 3548 1812 3633 oratore)
1837 3548 1870 3615 in
1887 3549 1929 3616 iis
1943 3549 2028 3637 ipsis

267 3651 801 3742 delendissetquipertotannos
1068 3654 1198 3736 rostris,
1221 3653 1255 3720 in
1289 3653 1413 3743 quibus
1440 3673 1512 3721 rem
1545 3653 1718 3737 publicam
1752 3655 2028 3725 constantissime

267 3762 301 3824 et
323 3759 495 3846 publicam
519 3757 663 3826 civitatis
685 3761 718 3824 et
733 3757 801 3847 pri-
1067 3760 1275 3842 delenderat,
1297 3759 1448 3848 positum
1472 3759 1554 3826 illud
1579 3763 1680 3844 caput
1706 3760 1776 3843 11111,
1799 3780 1819 3828 1
1842 3782 1910 3850 quo
1934 3768 2031 3832 erant

266 3867 376 3932 vatam
400 3865 525 3933 civium
549 3864 756 3933 delenderat
1068 3869 1252 3934 multorum
1277 3867 1386 3950 capita
1410 3868 1551 3933 servata.

962 3970 1214 4041 Cremutius
1238 3971 1408 4041 Cordus
1430 3970 1523 4059 (Sen.
1540 3993 1631 4040 suas.
1654 3976 1685 4056 d,
1712 3974 1765 4059 19)
1795 4025 1832 4040 ..
1862 3995 1930 4063 quo
1955 3995 2030 4044 sae·

1068 4079 1211 4167 pissime
1236 4081 1451 4167 processerat
1474 4081 1536 4165 (sc.
1568 4079 1610 4147 ad
1645 4081 1769 4166 rostro)
1793 4131 1801 4146 .
1824 4131 1832 4145 .
1856 4080 1922 4169 piis
1946 4102 2029 4149 cou-

1067 4185 1228 4269 tionibus,
1258 4185 1382 4273 quibus
1413 4186 1597 4252 multorum
1628 4186 1739 4273 capita
1768 4193 2025 4255 servaverat..

1067 4297 1139 4358 tum
1163 4313 1246 4360 ..a
1277 4291 1410 4359 civibus
1439 4291 1513 4360 suis
1543 4296 1751 4381 conspectus
1781 4296 1832 4360 est
1861 4312 2029 4382 praepen-

1068 4397 1161 4465 denti
1186 4398 1297 4486 capite
1320 4450 1328 4464 .
1351 4450 1358 4465 .

376 4554 398 4624 ¹)
417 4550 642 4609 similitudinem
661 4554 773 4611 detexit
790 4554 960 4613 Morawslri:
979 4556 1053 4613 Phil.
1068 4573 1098 4629 p.
1119 4558 1178 4613 147.
1215 4556 1340 4614 Veniam
1358 4561 1439 4630 peto,
1457 4556 1484 4613 si
1503 4572 1580 4630 quae
1593 4556 1745 4614 autoribus
1764 4557 1863 4614 debeo
1882 4559 1958 4630 aliis,
1978 4559 2027 4616 hic

218 4623 288 4695 illic,
307 4640 345 4680 ne
364 4625 473 4696 longus
492 4624 558 4694 sim,
578 4624 719 4682 adnotare
739 4628 906 4699 supersedi.

373 4695 398 4768 ²)
418 4695 456 4752 cl.
473 4694 543 4752 Sen.
562 4695 646 4822 praei
676 4698 698 4766 1,
716 4699 751 4752 o:
772 4697 916 4783 quidquid
935 4698 1068 4757 Romana
1086 4698 1225 4755 lacundia
1244 4699 1343 4768 habet,
1361 4739 1369 4754 .
1388 4739 1396 4755 .
1415 4698 1494 4755 circa
1514 4698 1691 4755 Ciceronem
1710 4699 1850 4755 etlloruit.

421 4766 496 4823 Veli
519 4770 541 4838 1,
578 4770 603 4838 7,
622 4770 654 4823 3;
672 4767 768 4824 oratio
787 4784 823 4826 ac
840 4786 887 4826 vis
906 4769 1036 4826 lorensis
1054 4770 1194 4827 universa
1212 4770 1269 4828 1111)
1288 4769 1423 4843 principe
1443 4769 1544 4843 operis
1564 4770 1611 4826 sui
1630 4770 1728 4843 erupit
1745 4770 1850 4827 Tullio.

372 4836 396 4908 ³)
436 4837 525 4895 uibus
544 4836 653 4897 Cicero
682 4839 869 4897 declamandi
901 4841 1054 4898 materiam
1082 4841 1198 4912 obtulit,
1226 4845 1258 4898 ut
1285 4843 1395 4898 docent
1421 4842 1553 4899 themata
1570 4858 1588 4898 a
1606 4841 1723 4899 Seneca
1752 4843 1868 4916 prolata
1898 4859 1978 4900 suas.
1995 4847 2028 4900 o:

220 4902 385 4976 „deliberat
441 4925 511 4965 cero
530 4924 568 4967 an
586 4907 1160 4984 Αι11011111111111111101111111111111171
1191 4912 1352 4982 „deliberat
1375 4911 1482 4970 Cicero
1516 4929 1554 4970 an
1572 4913 1685 4986 scripta
1703 4929 1759 4971 sua
1777 4914 1940 4988 comburat,
1959 4931 2028 4988 pro·

213 4977 352 5106 irpitgprntp
376 4977 991 5110 ἒ111011101110011111111111111,1111111111·
1030 4983 1117 5041 Actio
1136 4985 1175 5041 de
1195 4984 1327 5042 moribus
1347 4984 1454 5057 Popilli
1474 4955 1650 5041 Ciceronem
1664 4982 1869 5042 interficientis
1883 4987 2029 5058 protertur

308 5089 316 5106 .
350 5090 358 5121 ,
394 5089 404 5107 .
