4675 5575
450 613 510 682 Ov.
534 614 619 681 Fast.
642 616 672 680 4.
694 615 769 680 804.
821 612 1196 681 Μ377112596.4.27.
1251 612 1331 681 Sen.
1355 613 1432 683 dial.
1468 612 1514 679 12.
1538 614 1567 678 9.
1587 615 1617 678 3.
1679 613 1801 681 Lucan.
1822 614 1858 680 V.
1884 616 1954 695 175,
1978 616 2054 681 667.

452 719 518 786 Vll.
541 722 615 786 390.
662 718 747 786 Ρ1177.
772 718 1073 787 111317731856.
1121 719 1206 787 Flor.
1235 724 1259 786 1.
1281 723 1311 786 6.
1340 724 1386 786 11.

397 844 486 913 ltine
518 864 657 933 quoque
691 848 726 912 ut
759 845 893 928 priscae
923 843 1051 912 Romae
1083 845 1127 913 ita
1157 845 1305 913 ierarum
1335 845 1500 931 gentium,
1523 863 1611 932 quae
1634 843 1747 910 adhuc
1770 843 1977 932 simplicitati
2002 843 2053 909 in-

234 951 378 1038 dulgent
400 949 545 1018 blandae
568 950 819 1036 descriptiones
842 951 934 1019 velut
957 949 1210 1019 Germanorum
1234 951 1325 1040 apud
1346 950 1511 1018 Tacitum.

396 1056 507 1124 liuius
531 1057 845 1146 saecui.proprium
871 1057 1022 1125 maxime
1046 1063 1140 1125 eraut
1163 1057 1299 1126 divitiae
1324 1060 1356 1124 et
1380 1057 1524 1138 luxuria,
1546 1055 1679 1140 pristini
1698 1060 1888 1139 paupertas.
1938 1057 2052 1144 ltaque

234 1184 312 1231 cum
337 1164 464 1232 saeculi
490 1165 567 1231 loco
589 1168 660 1232 arte
684 1164 853 1246 cohaeret,
875 1164 968 1252 quod
993 1164 1278 1232 scholasticorum
1304 1184 1389 1231 mos.
1414 1168 1496 1244 erot,
1520 1167 1555 1229 ut
1577 1182 1726 1250 „pauper
1748 1166 1851 1231 tatem
1867 1163 2053 1244 laudarent,

235 1270 270 1338 in
295 1270 428 1339 divilias
453 1270 711 1359 inveherentur‘
734 1270 774 1337 ci.
799 1267 877 1337 Sen.
902 1291 929 1337 c.
953 1273 982 1336 2.
1012 1274 1035 1335 l.
1059 1270 1146 1355 2l.¹)

395 1377 579 1444 Fabianum
604 1376 850 1464 philosophum
875 1374 1007 1443 Seneca
1032 1381 1142 1444 narrat
1167 1378 1200 1444 in
1225 1377 1359 1445 divitias
1383 1375 1525 1457 dixisse,
1551 1396 1618 1442 non
1641 1375 1674 1442 in
1691 1374 1830 1443 divitem
1845 1380 1888 1464 (c.
1903 1380 1932 1443 2.
1954 1381 1978 1443 1.
1994 1378 2052 1463 25)

234 1484 277 1551 de
302 1483 425 1551 eodem
450 1481 528 1551 Sen.
552 1503 580 1550 c.
604 1485 633 1549 2.
662 1487 686 1549 1.
711 1485 769 1549 25:
795 1482 827 1547 in
852 1483 986 1551 divitias
1011 1482 1111 1549 dixit:
1143 1504 1221 1551 esse
1252 1504 1339 1569 quae
1363 1483 1603 1566 frugalitatem,
1626 1502 1712 1570 quae
1737 1483 1896 1570 pietatem
1921 1504 2054 1572 expug-

234 1594 384 1674 nassent,
406 1610 494 1680 quae
519 1591 629 1657 malos
654 1592 777 1677 patres,
801 1589 911 1658 malos
935 1589 1027 1657 lilios
1050 1591 1210 1658 iacerent.

395 1695 585 1783 indignatio
610 1693 805 1763 Stoicorum
831 1695 987 1783 inprimis
1011 1696 1122 1784 erupit
1146 1696 1179 1762 in
1204 1696 1433 1764 describendo
1457 1696 1606 1780 quadam
1631 1716 1709 1763 cum
1739 1698 1910 1779 voluptate
1941 1696 2052 1763 diviti·

233 1823 330 1871 arum
352 1802 571 1891 luxuriaeque
595 1802 750 1889 pessimo
775 1800 911 1887 malet)
2067 1807 2071 1812 '

330 1955 334 1963 -
396 1909 561 1991 ,Divitias
594 1908 790 1975 describere
827 1909 926 1976 volo“
970 1908 1090 1977 Gallus
1119 1909 1241 1976 Vibius
1279 1909 1465 1977 identidem
1497 1910 1708 1976 exclamasse
1739 1908 1773 1975 in
1819 1909 2052 1978 controversia

233 2016 381 2105 quadam
406 2016 506 2085 tradit
528 2014 662 2083 Seneca
686 2036 713 2082 c.
738 2019 767 2081 2.
796 2020 821 2081 1.
845 2017 896 2082 26.

342 2124 524 2192 Fabianus:
562 2120 640 2190 Sen.
664 2143 691 2189 c.
716 2125 745 2189 2.
769 2126 798 2189 6.
822 2125 855 2189 2:
887 2124 955 2189 noli
979 2123 1161 2206 pecuniam
1187 2123 1433 2206 concupiscere
1457 2175 1465 2190 .
1488 2174 1523 2189 ..
1549 2122 1644 2189 llaec
1670 2124 1722 2189 est
1744 2141 1832 2206 quae
1855 2127 1959 2208 auget
1981 2122 2052 2190 dis-

447 2230 610 2313 cordiam,
640 2230 744 2297 urbes
776 2234 809 2296 et
831 2233 996 2297 terrarum
1021 2230 1140 2297 orbem
1165 2229 1199 2295 in
1221 2231 1348 2297 bellum
1379 2230 1492 2317 agitat,
1516 2230 1706 2295 humanum
1730 2248 1841 2316 genus
1865 2232 2049 2314 cognatum

448 2341 566 2404 natura
590 2337 623 2402 in
648 2337 786 2404 iraudes
809 2341 843 2403 et
866 2338 997 2404 scelera
1020 2342 1053 2403 et
1076 2341 1231 2404 mutuum
1257 2321 1548 2423 odium'instigat.

341 2445 449 2511 idem:
472 2464 499 2510 c.
523 2445 553 2508 2.
582 2446 606 2508 l.
635 2446 687 2508 ll:
723 2444 818 2509 ..in
849 2442 931 2532 quid
955 2442 1092 2510 tandem
1117 2444 1168 2510 sic
1193 2443 1374 2531 pestilerae
1398 2444 1474 2511 illae
1499 2442 1636 2510 divitiae
1660 2447 1872 2530 expetuntur,
1895 2443 1924 2510 si
1950 2463 1992 2510 ne
2017 2443 2051 2509 in

449 2550 515 2615 hoc
526 2548 678 2637 quidem,
699 2554 734 2615 ut
745 2549 861 2616 liberis
872 2549 1112 2636 relinquantur.
1136 2550 1218 2637 quid
1231 2549 1370 2617 tandem
1382 2554 1442 2632 est,
1456 2569 1550 2638 quon
1577 2568 1645 2614 non
1669 2547 1806 2616 divitiae
1831 2550 2051 2633 corruperint.

344 2652 464 2720 Gallus
486 2654 620 2721 Vibius:
666 2657 882 2722 6.2.1.26;
930 2676 998 2722 non
1038 2676 1093 2722 me
1124 2656 1293 2723 delectant
1323 2655 1430 2741 ignoti
1461 2675 1641 2722 servorum
1665 2655 1808 2723 domino
1831 2675 1957 2742 greges
1989 2676 2053 2723 nec

451 2761 608 2829 sonantia
633 2761 700 2829 laxi
726 2762 813 2829 ruris
837 2763 1038 2849 ergastula.
1062 2814 1069 2828 .

397 2867 520 2934 Nonne
543 2872 679 2950 poetam
705 2868 761 2935 bic
784 2868 980 2938 describere
1004 2870 1164 2953 putares?

398 2973 526 3041 Contra
548 2979 731 3057 paupertas
755 2976 922 3043 laudatur:
946 2977 1015 3044 Val.
1039 2977 1125 3044 Max.
1151 2977 1244 3043 1114.

344 3079 423 3148 Sen.
448 3101 475 3147 c.
499 3083 528 3146 2.
557 3085 581 3147 1.
609 3084 663 3148 12;
687 3102 707 3148 o
732 3083 924 3171 pauperies,
946 3104 1049 3173 quam
1074 3084 1230 3170 ignotum
1256 3083 1384 3150 bonum
1408 3103 1455 3150 es.

340 3208 368 3254 c.
391 3189 420 3252 2.
449 3192 473 3253 1.
502 3190 540 3253 18
570 3187 660 3255 dicta
695 3192 871 3276 praetereo
903 3191 996 3259 milia
1026 3189 1258 3258 corruentium
1284 3190 1371 3255 inter
1392 3187 1526 3255 divitias
1550 3206 1631 3253 suas
1654 3189 1890 3271 exemplorum
1915 3239 1921 3254 .
1946 3241 1952 3254 .
1976 3189 2050 3256 scio

447 3297 584 3360 nostros
607 3294 737 3380 lugisse
762 3295 919 3379 maiores
950 3299 1016 3364 hoc
1047 3296 1140 3363 illum
1168 3295 1240 3363 Α61.
1263 3295 1492 3376 Tuberonem,
1521 3294 1619 3361 cuius
1649 3298 1830 3381 paupertas
1854 3294 1958 3361 virtus
1981 3295 2050 3379 luit,

447 3401 573 3468 ..hoc
610 3404 743 3468 ceteros
780 3405 893 3489 patres
932 3407 1078 3486 nostros,
1115 3423 1203 3492 quos
1242 3402 1332 3490 apud
1364 3400 1507 3484 6761723)
1539 3400 1613 3482 ipsa
1643 3400 1813 3468 minantes
1837 3421 1962 3484 pecora
1982 3422 2073 3491 sua,

449 3508 746 3574 circumsteterunt
769 3508 907 3575 lictores
932 3561 939 3574 .
963 3561 971 3574 .

340 3615 380 3681 ci.
403 3614 491 3681 Man.
516 3614 542 3680 ll
566 3615 641 3696 596,
665 3614 706 3679 111
734 3617 802 3681 134.
827 3613 901 3697 511,
924 3616 951 3682 V
980 3618 1049 3697 195,
1072 3618 1146 3697 292,
1170 3617 1245 3696 374,
1268 3618 1342 3695 401,
1368 3613 1452 3679 Ρ1177.
1476 3613 1551 3679 hist.
1575 3616 1639 3679 nat.
1663 3615 1693 3678 9.
1722 3615 1790 3694 104,
1811 3616 1911 3695 1962,
1926 3618 1977 3682 26.
1994 3618 2048 3698 93,

446 3720 543 3809 Calp.
567 3721 611 3787 Η.
635 3720 698 3787 dcl.
722 3721 786 3788 dcl.
815 3725 861 3787 11.

394 3825 470 3910 Qua
494 3827 528 3894 in
553 3848 588 3894 re
617 3847 704 3916 quae
735 3832 919 3897 occurrunt
949 3829 1035 3895 inter
1064 3828 1252 3916 scriptores
1281 3827 1400 3894 aetatis
1431 3825 1683 3907 similitudines,
1713 3847 1791 3892 cum
1822 3828 2049 3896 creberrimae

231 3933 308 4015 sint,
330 3937 454 4017 tamen,
478 3954 520 4001 ne
544 3934 669 4020 longus
693 3934 769 4016 sim,
793 3934 947 4022 exceptis
971 3934 1089 4022 paucis
1113 3934 1168 4000 lric
1191 3935 1295 4001 ailere
1319 3932 1565 4021 praetermitto:

338 4040 437 4126 Verg.
462 4039 530 4107 Ecl.
558 4044 582 4106 1.
606 4043 662 4107 687
686 4041 845 4128 pauperis
869 4044 902 4108 et
923 4041 1035 4127 tuguri
1061 4045 1265 4128 congestum
1288 4040 1438 4129 caespite
1462 4040 1609 4108 culmen.

339 4147 408 4215 Val.
433 4147 461 4213 7.
491 4152 514 4212 1.
538 4150 566 4213 2.
581 4146 706 4235 Apollo
731 4146 821 4235 Gygi
844 4147 1041 4236 „respondit
1063 4147 1174 4234 magis
1199 4168 1236 4215 se
1256 4148 1400 4235 probare
1420 4146 1599 4214 securitate
1617 4144 1733 4213 ridens
1749 4146 1921 4233 tugurium
1946 4166 2049 4234 quam

445 4253 575 4319 tristem
600 4254 690 4320 curis
715 4260 747 4321 et
770 4254 1059 4321 sollicitudinibus
1082 4256 1204 4354 aulam,
1228 4272 1444 4342 pauscasque
1467 4253 1587 4335 glebas
1602 4252 1739 4340 pavoris
1762 4255 1919 4340 expertes
1946 4271 2049 4340 quam

446 4359 675 4447 pinguissima
699 4360 822 4448 Lydiae
846 4382 925 4428 arva
949 4365 1041 4428 metu
1065 4362 1186 4428 relerta
1208 4412 1246 4428 ..

393 4534 416 4606 1)
435 4536 518 4592 llaec
537 4534 712 4608 proterendi
727 4535 970 4609 frequentissima
988 4540 1051 4593 erat
1069 4536 1195 4592 facultas
1223 4536 1252 4591 in
1282 4536 1395 4592 crebris
1415 4534 1474 4590 illis
1499 4533 1720 4601 controversiis
1752 4535 1781 4590 in
1814 4534 1923 4607 quibus
1955 4550 2047 4592 causa

232 4610 296 4663 erat
315 4607 392 4663 inter
410 4623 572 4680 pauperem
592 4610 623 4662 et
641 4607 762 4691 divitem
782 4625 885 4664 eorum
908 4624 945 4665 ue
964 4607 1045 4664 lilios
1065 4608 1101 4663 ct.
1120 4606 1181 4663 Seu
1209 4608 1329 4690 rbet32.
1346 4609 1368 4675 1,
1387 4610 1413 4661 5.
1422 4610 1448 4674 8,
1468 4610 1530 4689 bb,
1548 4609 1574 4662 8.
1592 4609 1619 4673 6,
1640 4608 1681 4661 10.
1704 4608 1726 4672 1,
1745 4610 1816 4676 166,
1845 4605 1930 4677 Calp.
1949 4606 2050 4663 flocci

233 4678 290 4734 uer.
309 4681 353 4747 27,
371 4680 415 4749 23,
434 4681 478 4748 22,
496 4681 540 4748 ao,
559 4681 603 4745 3ο,
622 4681 665 4747 53,
703 4678 821 4751 Qurnce
840 4625 917 4735 deci.
936 4680 1003 4736 mar.
1022 4683 1047 4748 7,
1067 4682 1093 4743 9,
1112 4681 1155 4748 ro,
1179 4681 1218 4734 ra.
1256 4693 1325 4733 mm.
1345 4680 1406 4749 247,
1425 4681 1487 4747 253,
1505 4680 1566 4746 273,
1585 4679 1647 4747 234,
1666 4680 1728 4746 367,
1746 4680 1809 4745 sor,
1827 4680 1889 4745 363,
1908 4679 1970 4747 332,
1987 4676 2050 4749 333,

230 4751 294 4822 343’
312 4752 737 4891 344’913456131))41313376Ἀ317711)0.
757 4820 833 4906 Berl.
852 4820 946 4877 Akad.
967 4823 1083 4905 resep.
1101 4823 1128 4875 4.
1176 4818 1305 4877 Schlitze
1326 4819 1344 4875 1.
1363 4820 1381 4905 1ς
1401 4837 1430 4891 p.
1451 4823 1484 4875 18
1500 4836 1566 4892 sqq.
1584 4819 1641 4876 vel.
1660 4837 1689 4891 p.
1707 4823 1760 4875 87:
1792 4819 1937 4878 libatores
1956 4836 2049 4893 saepe

232 4892 339 4948 eadem
360 4893 533 4977 tractabant,
552 4909 629 4966 quae
648 4892 832 4966 philosophi,
852 4896 883 4949 ut
901 4910 972 4948 num
991 4893 1132 4964 fugienda
1150 4895 1313 4964 paupertas
1332 4889 1409 4962 (Cic
1429 4893 1457 4948 d.
1476 4908 1518 4947 67.
1538 4894 1564 4947 3.
1587 4894 1657 4961 112).

386 4964 411 5034 ⁸)
429 4963 631 5037 simplicitatis
650 4964 788 5037 exempla
815 4963 875 5034 „illi
895 4964 932 5020 ab
952 4964 1084 5021 aratro“:
1105 4963 1141 5020 cl.
1162 4962 1231 5019 Seu.
1251 4980 1276 5019 c.
1294 4967 1320 5023 2.
1340 4967 1366 5031 6,
1384 4966 1411 5018 4.
1449 4962 1522 5018 Ρ1177.
1541 4962 1609 5019 bist.
1628 4967 1686 5019 nat.
1708 4965 1748 5019 18.
1771 4965 1829 5022 120.
1847 4964 1891 5021 26.
1913 4965 1941 5017 11
1958 4979 1965 5017 :
1984 4962 2051 5019 Μο-

231 5033 341 5090 rowld:
360 5035 469 5091 rhetor.
489 5036 638 5109 ampullae
659 5036 704 5091 lV.
