<?xml version="1.0" encoding="UTF-8"?>
<!DOCTYPE html PUBLIC "-//W3C//DTD XHTML 1.0 Transitional//EN"
    "http://www.w3.org/TR/xhtml1/DTD/xhtml1-transitional.dtd">
<html xmlns="http://www.w3.org/1999/xhtml" xml:lang="en" lang="en">
 <head>
  <title>
</title>
<meta http-equiv="Content-Type" content="text/html;charset=utf-8" />
  <meta name='ocr-system' content='tesseract 3.04.00' />
  <meta name='ocr-capabilities' content='ocr_page ocr_carea ocr_par ocr_line ocrx_word'/>
</head>
<body>
  <div class='ocr_page' id='page_1' title='image "./depriorumscript00ltgoog_0027.png"; bbox 0 0 4675 5575; ppageno 0'>
   <div class='ocr_carea' id='block_1_1' title="bbox 1082 341 1125 405">
    <p class='ocr_par' dir='ltr' id='par_1_1' title="bbox 1082 341 1125 405">
     <span class='ocr_line' id='line_1_1' title="bbox 1082 341 1125 405; baseline 0 0"><span class='ocrx_word' id='word_1_1' title='bbox 1082 341 1125 405; x_wconf 82' lang='lat'>23</span> 
     </span>
    </p>
   </div>
   <div class='ocr_carea' id='block_1_2' title="bbox 196 545 2103 2449">
    <p class='ocr_par' dir='ltr' id='par_1_2' title="bbox 196 545 2016 1277">
     <span class='ocr_line' id='line_1_2' title="bbox 1050 545 2013 630; baseline -0.006 -11"><span class='ocrx_word' id='word_1_2' title='bbox 1050 551 1230 620; x_wconf 88' lang='lat' dir='ltr'>saecula</span> <span class='ocrx_word' id='word_1_3' title='bbox 1243 553 1415 619; x_wconf 84' lang='lat' dir='ltr'>sacratum</span> <span class='ocrx_word' id='word_1_4' title='bbox 1433 548 1537 617; x_wconf 88' lang='lat' dir='ltr'>dabit.</span> <span class='ocrx_word' id='word_1_5' title='bbox 1558 547 1734 616; x_wconf 89' lang='lat' dir='ltr'>eiusdem:</span> <span class='ocrx_word' id='word_1_6' title='bbox 1749 545 1928 617; x_wconf 87' lang='lat' dir='ltr'>Sensuas.</span> <span class='ocrx_word' id='word_1_7' title='bbox 1941 550 2013 630; x_wconf 81' lang='lat' dir='ltr'>7,s:</span> 
     </span>
     <span class='ocr_line' id='line_1_3' title="bbox 1051 655 2015 747; baseline -0.004 -21"><span class='ocrx_word' id='word_1_8' title='bbox 1051 657 1166 747; x_wconf 90' lang='lat' dir='ltr'>quoad</span> <span class='ocrx_word' id='word_1_9' title='bbox 1191 657 1417 724; x_wconf 85' lang='lat' dir='ltr'>humanum</span> <span class='ocrx_word' id='word_1_10' title='bbox 1441 675 1553 744; x_wconf 90' lang='lat' dir='ltr'>genus</span> <span class='ocrx_word' id='word_1_11' title='bbox 1574 655 1791 726; x_wconf 82' lang='lat' dir='ltr'><strong>incolume</strong></span> <span class='ocrx_word' id='word_1_12' title='bbox 1810 655 2015 724; x_wconf 81' lang='lat' dir='ltr'><strong>manserit</strong></span> 
     </span>
     <span class='ocr_line' id='line_1_4' title="bbox 1050 760 2015 852; baseline -0.001 -24"><span class='ocrx_word' id='word_1_13' title='bbox 1050 813 1119 831; x_wconf 90' lang='lat'>...</span> <span class='ocrx_word' id='word_1_14' title='bbox 1150 782 1255 852; x_wconf 91' lang='lat' dir='ltr'>quam</span> <span class='ocrx_word' id='word_1_15' title='bbox 1289 762 1348 830; x_wconf 89' lang='lat' dir='ltr'>diu</span> <span class='ocrx_word' id='word_1_16' title='bbox 1379 761 1589 850; x_wconf 85' lang='lat' dir='ltr'>reipublicae</span> <span class='ocrx_word' id='word_1_17' title='bbox 1613 813 1620 829; x_wconf 91' lang='lat'><em>.</em></span> <span class='ocrx_word' id='word_1_18' title='bbox 1706 761 1901 829; x_wconf 90' lang='lat' dir='ltr'>memoria</span> <span class='ocrx_word' id='word_1_19' title='bbox 1935 760 2015 828; x_wconf 89' lang='lat' dir='ltr'>dur-</span> 
     </span>
     <span class='ocr_line' id='line_1_5' title="bbox 1050 867 2013 957; baseline -0.005 -19"><span class='ocrx_word' id='word_1_20' title='bbox 1050 870 1164 952; x_wconf 83' lang='lat' dir='ltr'>averit,</span> <span class='ocrx_word' id='word_1_21' title='bbox 1187 868 1388 937; x_wconf 81' lang='lat' dir='ltr'>admirabile</span> <span class='ocrx_word' id='word_1_22' title='bbox 1403 868 1551 957; x_wconf 80' lang='lat' dir='ltr'>posteris</span> <span class='ocrx_word' id='word_1_23' title='bbox 1573 867 1731 956; x_wconf 88' lang='lat' dir='ltr'>vigebit</span> <span class='ocrx_word' id='word_1_24' title='bbox 1757 867 1934 955; x_wconf 85' lang='lat' dir='ltr'>ingenium</span> <span class='ocrx_word' id='word_1_25' title='bbox 1952 867 2013 954; x_wconf 90' lang='lat'><strong>..¹)</strong></span> 
     </span>
     <span class='ocr_line' id='line_1_6' title="bbox 263 973 1586 1070; baseline -0.007 -20"><span class='ocrx_word' id='word_1_26' title='bbox 263 977 677 1070; x_wconf 88' lang='lat' dir='ltr'>omnisqueposteritas</span> <span class='ocrx_word' id='word_1_27' title='bbox 692 977 783 1046; x_wconf 90' lang='lat' dir='ltr'>illius</span> <span class='ocrx_word' id='word_1_28' title='bbox 944 973 1017 1045; x_wconf 87' lang='lat' dir='ltr'>Cic.</span> <span class='ocrx_word' id='word_1_29' title='bbox 1041 998 1090 1066; x_wconf 92' lang='lat' dir='ltr'>pr.</span> <span class='ocrx_word' id='word_1_30' title='bbox 1115 976 1199 1044; x_wconf 87' lang='lat' dir='ltr'>Mur.</span> <span class='ocrx_word' id='word_1_31' title='bbox 1221 978 1279 1043; x_wconf 85' lang='lat'>28:</span> <span class='ocrx_word' id='word_1_32' title='bbox 1303 975 1487 1064; x_wconf 82' lang='lat' dir='ltr'>posteritas</span> <span class='ocrx_word' id='word_1_33' title='bbox 1510 974 1586 1042; x_wconf 90' lang='lat' dir='ltr'>alet.</span> 
     </span>
     <span class='ocr_line' id='line_1_7' title="bbox 197 1079 2016 1176; baseline -0.006 -20"><span class='ocrx_word' id='word_1_34' title='bbox 197 1090 281 1158; x_wconf 91' lang='lat' dir='ltr'>inte</span> <span class='ocrx_word' id='word_1_35' title='bbox 297 1087 422 1176; x_wconf 89' lang='lat' dir='ltr'>scripta</span> <span class='ocrx_word' id='word_1_36' title='bbox 445 1082 649 1171; x_wconf 82' lang='lat' dir='ltr'>mirabitur1)</span> <span class='ocrx_word' id='word_1_37' title='bbox 671 1086 782 1173; x_wconf 88' lang='lat' dir='ltr'>(tuum</span> <span class='ocrx_word' id='word_1_38' title='bbox 946 1081 1043 1151; x_wconf 84' lang='lat' dir='ltr'>Ovid.</span> <span class='ocrx_word' id='word_1_39' title='bbox 1066 1103 1133 1172; x_wconf 86' lang='lat' dir='ltr'>ap:</span> <span class='ocrx_word' id='word_1_40' title='bbox 1157 1079 1237 1151; x_wconf 87' lang='lat' dir='ltr'>Sen.</span> <span class='ocrx_word' id='word_1_41' title='bbox 1261 1084 1368 1150; x_wconf 88' lang='lat' dir='ltr'>contr.</span> <span class='ocrx_word' id='word_1_42' title='bbox 1392 1084 1422 1163; x_wconf 87' lang='lat'>2,</span> <span class='ocrx_word' id='word_1_43' title='bbox 1435 1083 1466 1164; x_wconf 85' lang='lat'>2,</span> <span class='ocrx_word' id='word_1_44' title='bbox 1495 1084 1547 1148; x_wconf 89' lang='lat' dir='ltr'>ll:</span> <span class='ocrx_word' id='word_1_45' title='bbox 1570 1081 1686 1149; x_wconf 90' lang='lat' dir='ltr'>omnis</span> <span class='ocrx_word' id='word_1_46' title='bbox 1709 1084 1803 1149; x_wconf 90' lang='lat' dir='ltr'>aetas</span> <span class='ocrx_word' id='word_1_47' title='bbox 1826 1079 2016 1160; x_wconf 75' lang='lat' dir='ltr'>honorabit</span> 
     </span>
     <span class='ocr_line' id='line_1_8' title="bbox 196 1188 1582 1277; baseline -0.004 -16"><span class='ocrx_word' id='word_1_48' title='bbox 196 1195 232 1262; x_wconf 88' lang='lat' dir='ltr'>in</span> <span class='ocrx_word' id='word_1_49' title='bbox 257 1215 335 1262; x_wconf 90' lang='lat' dir='ltr'>eum</span> <span class='ocrx_word' id='word_1_50' title='bbox 358 1195 483 1262; x_wconf 87' lang='lat' dir='ltr'>lactum</span> <span class='ocrx_word' id='word_1_51' title='bbox 508 1190 763 1275; x_wconf 80' lang='lat' dir='ltr'>exsecrabitur.)</span> <span class='ocrx_word' id='word_1_52' title='bbox 1051 1210 1156 1259; x_wconf 90' lang='lat' dir='ltr'>omne</span> <span class='ocrx_word' id='word_1_53' title='bbox 1181 1188 1368 1258; x_wconf 85' lang='lat' dir='ltr'>celebrabit</span> <span class='ocrx_word' id='word_1_54' title='bbox 1389 1188 1582 1277; x_wconf 85' lang='lat' dir='ltr'>ingenium.</span> 
     </span>
    </p>

    <p class='ocr_par' dir='ltr' id='par_1_3' title="bbox 945 1293 2016 1598">
     <span class='ocr_line' id='line_1_9' title="bbox 945 1293 2016 1381; baseline -0.004 -18"><span class='ocrx_word' id='word_1_55' title='bbox 945 1296 1086 1365; x_wconf 83' lang='lat' dir='ltr'>Asinius</span> <span class='ocrx_word' id='word_1_56' title='bbox 1120 1295 1231 1363; x_wconf 86' lang='lat' dir='ltr'>Pollio</span> <span class='ocrx_word' id='word_1_57' title='bbox 1260 1314 1325 1381; x_wconf 83' lang='lat' dir='ltr'>ap:</span> <span class='ocrx_word' id='word_1_58' title='bbox 1364 1293 1443 1363; x_wconf 89' lang='lat' dir='ltr'>Sen</span> <span class='ocrx_word' id='word_1_59' title='bbox 1473 1313 1564 1363; x_wconf 91' lang='lat' dir='ltr'>suas.</span> <span class='ocrx_word' id='word_1_60' title='bbox 1595 1297 1625 1377; x_wconf 99' lang='grc'>6,</span> <span class='ocrx_word' id='word_1_61' title='bbox 1655 1297 1714 1361; x_wconf 79' lang='lat'>24:</span> <span class='ocrx_word' id='word_1_62' title='bbox 1753 1294 1855 1363; x_wconf 82' lang='lat' dir='ltr'>liuius</span> <span class='ocrx_word' id='word_1_63' title='bbox 1881 1293 1942 1361; x_wconf 90' lang='lat' dir='ltr'>viri</span> <span class='ocrx_word' id='word_1_64' title='bbox 1967 1297 2016 1360; x_wconf 88' lang='lat' dir='ltr'>tot</span> 
     </span>
     <span class='ocr_line' id='line_1_10' title="bbox 1051 1402 2016 1493; baseline -0.003 -22"><span class='ocrx_word' id='word_1_65' title='bbox 1051 1403 1223 1493; x_wconf 87' lang='lat' dir='ltr'>tantisque</span> <span class='ocrx_word' id='word_1_66' title='bbox 1238 1402 1402 1491; x_wconf 87' lang='lat' dir='ltr'>operibus</span> <span class='ocrx_word' id='word_1_67' title='bbox 1424 1402 1596 1471; x_wconf 89' lang='lat' dir='ltr'>mansuris</span> <span class='ocrx_word' id='word_1_68' title='bbox 1611 1402 1645 1469; x_wconf 94' lang='lat' dir='ltr'>in</span> <span class='ocrx_word' id='word_1_69' title='bbox 1661 1422 1766 1469; x_wconf 91' lang='lat' dir='ltr'>omne</span> <span class='ocrx_word' id='word_1_70' title='bbox 1780 1422 1903 1470; x_wconf 86' lang='lat' dir='ltr'>aevum</span> <span class='ocrx_word' id='word_1_71' title='bbox 1919 1421 2016 1490; x_wconf 92' lang='lat' dir='ltr'>prae·</span> 
     </span>
     <span class='ocr_line' id='line_1_11' title="bbox 1057 1509 1598 1598; baseline 0 -21"><span class='ocrx_word' id='word_1_72' title='bbox 1057 1509 1173 1577; x_wconf 91' lang='lat' dir='ltr'>dicare</span> <span class='ocrx_word' id='word_1_73' title='bbox 1197 1560 1205 1575; x_wconf 92' lang='lat'><strong>.</strong></span> <span class='ocrx_word' id='word_1_74' title='bbox 1227 1560 1235 1575; x_wconf 90' lang='lat'><strong>.</strong></span> <span class='ocrx_word' id='word_1_75' title='bbox 1259 1529 1513 1598; x_wconf 87' lang='lat' dir='ltr'>supervacuum</span> <span class='ocrx_word' id='word_1_76' title='bbox 1537 1514 1598 1577; x_wconf 83' lang='lat' dir='ltr'>est</span> 
     </span>
    </p>

    <p class='ocr_par' dir='ltr' id='par_1_4' title="bbox 946 1613 2103 1897">
     <span class='ocr_line' id='line_1_12' title="bbox 946 1613 2015 1704; baseline -0.003 -20"><span class='ocrx_word' id='word_1_77' title='bbox 946 1615 1019 1684; x_wconf 88' lang='lat' dir='ltr'>Silo</span> <span class='ocrx_word' id='word_1_78' title='bbox 1065 1616 1239 1704; x_wconf 86' lang='lat' dir='ltr'>Pompeus</span> <span class='ocrx_word' id='word_1_79' title='bbox 1279 1634 1331 1704; x_wconf 87' lang='lat' dir='ltr'>ap.</span> <span class='ocrx_word' id='word_1_80' title='bbox 1362 1613 1441 1683; x_wconf 89' lang='lat' dir='ltr'>Sen.</span> <span class='ocrx_word' id='word_1_81' title='bbox 1474 1635 1564 1684; x_wconf 82' lang='lat' dir='ltr'>suas</span> <span class='ocrx_word' id='word_1_82' title='bbox 1599 1617 1629 1697; x_wconf 84' lang='grc'>7,</span> <span class='ocrx_word' id='word_1_83' title='bbox 1662 1619 1713 1682; x_wconf 90' lang='lat' dir='ltr'>ll:</span> <span class='ocrx_word' id='word_1_84' title='bbox 1751 1615 1921 1683; x_wconf 88' lang='lat' dir='ltr'>..cuius</span> <span class='ocrx_word' id='word_1_85' title='bbox 1953 1616 2015 1700; x_wconf 86' lang='lat' dir='ltr'>(sc.</span> 
     </span>
     <span class='ocr_line' id='line_1_13' title="bbox 1053 1721 2013 1811; baseline -0.002 -20"><span class='ocrx_word' id='word_1_86' title='bbox 1053 1721 1251 1807; x_wconf 81' lang='lat' dir='ltr'>Ciceronis)</span> <span class='ocrx_word' id='word_1_87' title='bbox 1291 1722 1420 1811; x_wconf 89' lang='lat' dir='ltr'>scripta</span> <span class='ocrx_word' id='word_1_88' title='bbox 1451 1742 1514 1811; x_wconf 90' lang='lat' dir='ltr'>per</span> <span class='ocrx_word' id='word_1_89' title='bbox 1543 1725 1652 1789; x_wconf 88' lang='lat' dir='ltr'>totum</span> <span class='ocrx_word' id='word_1_90' title='bbox 1692 1722 1813 1789; x_wconf 91' lang='lat' dir='ltr'>orbem</span> <span class='ocrx_word' id='word_1_91' title='bbox 1850 1725 2013 1789; x_wconf 86' lang='lat' dir='ltr'>terrarum</span> 
     </span>
     <span class='ocr_line' id='line_1_14' title="bbox 1051 1815 2103 1897; baseline -0.009 0"><span class='ocrx_word' id='word_1_92' title='bbox 1051 1828 1315 1897; x_wconf 84' lang='lat' dir='ltr'>celebrarentur.</span> <span class='ocrx_word' id='word_1_93' title='bbox 2097 1815 2103 1824; x_wconf 88' lang='grc'><strong><em>’</em></strong></span> 
     </span>
    </p>

    <p class='ocr_par' dir='ltr' id='par_1_5' title="bbox 947 1933 2016 2132">
     <span class='ocr_line' id='line_1_15' title="bbox 947 1933 2016 2025; baseline 0.001 -23"><span class='ocrx_word' id='word_1_94' title='bbox 947 1933 1128 2004; x_wconf 88' lang='lat' dir='ltr'>Blicheler:</span> <span class='ocrx_word' id='word_1_95' title='bbox 1165 1935 1296 2003; x_wconf 91' lang='lat' dir='ltr'>carmin</span> <span class='ocrx_word' id='word_1_96' title='bbox 1321 1936 1497 2025; x_wconf 88' lang='lat' dir='ltr'>epigraph.</span> <span class='ocrx_word' id='word_1_97' title='bbox 1533 1937 1689 2017; x_wconf 82' lang='lat'>259,19:</span> <span class='ocrx_word' id='word_1_98' title='bbox 1719 1934 1847 2024; x_wconf 86' lang='lat' dir='ltr'>accipe,</span> <span class='ocrx_word' id='word_1_99' title='bbox 1881 1938 2016 2024; x_wconf 89' lang='lat' dir='ltr'>poste-</span> 
     </span>
     <span class='ocr_line' id='line_1_16' title="bbox 1053 2042 1753 2132; baseline -0.001 -22"><span class='ocrx_word' id='word_1_100' title='bbox 1053 2043 1162 2124; x_wconf 85' lang='lat' dir='ltr'>ritas,</span> <span class='ocrx_word' id='word_1_101' title='bbox 1185 2042 1279 2132; x_wconf 90' lang='lat' dir='ltr'>quod</span> <span class='ocrx_word' id='word_1_102' title='bbox 1303 2062 1365 2131; x_wconf 91' lang='lat' dir='ltr'>per</span> <span class='ocrx_word' id='word_1_103' title='bbox 1386 2045 1444 2110; x_wconf 86' lang='lat' dir='ltr'>tua</span> <span class='ocrx_word' id='word_1_104' title='bbox 1465 2042 1604 2110; x_wconf 89' lang='lat' dir='ltr'>saecula</span> <span class='ocrx_word' id='word_1_105' title='bbox 1627 2061 1753 2111; x_wconf 86' lang='lat' dir='ltr'>narres</span> 
     </span>
    </p>

    <p class='ocr_par' dir='ltr' id='par_1_6' title="bbox 197 2146 2015 2449">
     <span class='ocr_line' id='line_1_17' title="bbox 264 2146 2015 2239; baseline -0.001 -20"><span class='ocrx_word' id='word_1_106' title='bbox 264 2150 432 2239; x_wconf 87' lang='lat' dir='ltr'>citiusque</span> <span class='ocrx_word' id='word_1_107' title='bbox 463 2170 482 2218; x_wconf 89' lang='lat' dir='ltr'>e</span> <span class='ocrx_word' id='word_1_108' title='bbox 512 2148 642 2217; x_wconf 90' lang='lat' dir='ltr'>mundo</span> <span class='ocrx_word' id='word_1_109' title='bbox 674 2168 785 2236; x_wconf 89' lang='lat' dir='ltr'>genus</span> <span class='ocrx_word' id='word_1_110' title='bbox 947 2148 1094 2218; x_wconf 82' lang='lat' dir='ltr'>Arellius</span> <span class='ocrx_word' id='word_1_111' title='bbox 1118 2149 1248 2218; x_wconf 82' lang='lat' dir='ltr'>Fuscus</span> <span class='ocrx_word' id='word_1_112' title='bbox 1270 2169 1324 2238; x_wconf 88' lang='lat' dir='ltr'>ap.</span> <span class='ocrx_word' id='word_1_113' title='bbox 1347 2146 1427 2217; x_wconf 87' lang='lat' dir='ltr'>Sen.</span> <span class='ocrx_word' id='word_1_114' title='bbox 1448 2167 1538 2217; x_wconf 87' lang='lat' dir='ltr'>suas.</span> <span class='ocrx_word' id='word_1_115' title='bbox 1566 2152 1597 2232; x_wconf 91' lang='grc'>6,</span> <span class='ocrx_word' id='word_1_116' title='bbox 1621 2151 1656 2215; x_wconf 88' lang='lat'>5:</span> <span class='ocrx_word' id='word_1_117' title='bbox 1702 2200 1740 2216; x_wconf 92' lang='lat'>..</span> <span class='ocrx_word' id='word_1_118' title='bbox 1765 2148 1856 2217; x_wconf 92' lang='lat' dir='ltr'>idem</span> <span class='ocrx_word' id='word_1_119' title='bbox 1880 2150 2015 2222; x_wconf 88' lang='lat' dir='ltr'>virtutis</span> 
     </span>
     <span class='ocr_line' id='line_1_18' title="bbox 198 2252 1633 2346; baseline -0.001 -22"><span class='ocrx_word' id='word_1_120' title='bbox 198 2257 378 2325; x_wconf 91' lang='lat' dir='ltr'>hominum</span> <span class='ocrx_word' id='word_1_121' title='bbox 432 2275 536 2346; x_wconf 90' lang='lat' dir='ltr'>quam</span> <span class='ocrx_word' id='word_1_122' title='bbox 588 2252 786 2340; x_wconf 85' lang='lat' dir='ltr'>(Ciceronis</span> <span class='ocrx_word' id='word_1_123' title='bbox 1054 2259 1140 2337; x_wconf 89' lang='lat' dir='ltr'>tuae,</span> <span class='ocrx_word' id='word_1_124' title='bbox 1164 2255 1223 2345; x_wconf 92' lang='lat' dir='ltr'>qui</span> <span class='ocrx_word' id='word_1_125' title='bbox 1248 2255 1329 2323; x_wconf 87' lang='lat' dir='ltr'>linis</span> <span class='ocrx_word' id='word_1_126' title='bbox 1352 2258 1405 2323; x_wconf 93' lang='lat' dir='ltr'>est</span> <span class='ocrx_word' id='word_1_127' title='bbox 1429 2255 1633 2323; x_wconf 90' lang='lat' dir='ltr'>mortalium.</span> 
     </span>
     <span class='ocr_line' id='line_1_19' title="bbox 197 2362 471 2449; baseline -0.011 -18"><span class='ocrx_word' id='word_1_128' title='bbox 197 2365 341 2449; x_wconf 88' lang='lat' dir='ltr'>nomen)</span> <span class='ocrx_word' id='word_1_129' title='bbox 364 2362 471 2431; x_wconf 86' lang='lat' dir='ltr'>cedet</span> 
     </span>
    </p>
   </div>
   <div class='ocr_carea' id='block_1_3' title="bbox 200 2482 2018 2903">
    <p class='ocr_par' dir='ltr' id='par_1_7' title="bbox 200 2482 2018 2903">
     <span class='ocr_line' id='line_1_20' title="bbox 360 2482 1701 2567; baseline -0.001 -16"><span class='ocrx_word' id='word_1_130' title='bbox 360 2485 454 2552; x_wconf 94' lang='lat' dir='ltr'>Alias</span> <span class='ocrx_word' id='word_1_131' title='bbox 479 2484 514 2551; x_wconf 91' lang='lat' dir='ltr'>in</span> <span class='ocrx_word' id='word_1_132' title='bbox 538 2482 792 2551; x_wconf 87' lang='lat' dir='ltr'>laudationibus</span> <span class='ocrx_word' id='word_1_133' title='bbox 815 2482 996 2551; x_wconf 86' lang='lat' dir='ltr'>Ciceronis</span> <span class='ocrx_word' id='word_1_134' title='bbox 1020 2483 1175 2551; x_wconf 89' lang='lat' dir='ltr'>invenias</span> <span class='ocrx_word' id='word_1_135' title='bbox 1198 2484 1451 2567; x_wconf 81' lang='lat' dir='ltr'>similitudines,</span> <span class='ocrx_word' id='word_1_136' title='bbox 1474 2484 1503 2552; x_wconf 93' lang='lat' dir='ltr'>si</span> <span class='ocrx_word' id='word_1_137' title='bbox 1528 2484 1701 2552; x_wconf 87' lang='lat' dir='ltr'>conteras:</span> 
     </span>
     <span class='ocr_line' id='line_1_21' title="bbox 306 2588 2018 2676; baseline 0.001 -17"><span class='ocrx_word' id='word_1_138' title='bbox 306 2591 388 2659; x_wconf 91' lang='lat' dir='ltr'>Vell.</span> <span class='ocrx_word' id='word_1_139' title='bbox 412 2593 442 2674; x_wconf 86' lang='lat'>2,</span> <span class='ocrx_word' id='word_1_140' title='bbox 466 2593 519 2674; x_wconf 85' lang='grc'>34,</span> <span class='ocrx_word' id='word_1_141' title='bbox 538 2591 568 2657; x_wconf 82' lang='grc'>3.</span> <span class='ocrx_word' id='word_1_142' title='bbox 1270 2588 1342 2658; x_wconf 93' lang='lat' dir='ltr'>Cic.</span> <span class='ocrx_word' id='word_1_143' title='bbox 1366 2590 1456 2658; x_wconf 82' lang='lat' dir='ltr'>Brut</span> <span class='ocrx_word' id='word_1_144' title='bbox 1481 2593 1539 2657; x_wconf 79' lang='lat'>73:</span> <span class='ocrx_word' id='word_1_145' title='bbox 1583 2611 1654 2676; x_wconf 90' lang='lat' dir='ltr'>quo</span> <span class='ocrx_word' id='word_1_146' title='bbox 1678 2591 1771 2659; x_wconf 89' lang='lat' dir='ltr'>enim</span> <span class='ocrx_word' id='word_1_147' title='bbox 1793 2611 1862 2659; x_wconf 88' lang='lat' dir='ltr'>uno</span> <span class='ocrx_word' id='word_1_148' title='bbox 1884 2592 2018 2660; x_wconf 92' lang='lat' dir='ltr'>vince-</span> 
     </span>
     <span class='ocr_line' id='line_1_22' title="bbox 200 2694 2017 2787; baseline 0 -21"><span class='ocrx_word' id='word_1_149' title='bbox 200 2699 244 2766; x_wconf 90' lang='grc' dir='ltr'>Μ.</span> <span class='ocrx_word' id='word_1_150' title='bbox 268 2695 392 2765; x_wconf 91' lang='lat' dir='ltr'>Cicero</span> <span class='ocrx_word' id='word_1_151' title='bbox 416 2747 424 2762; x_wconf 91' lang='lat'><strong>.</strong></span> <span class='ocrx_word' id='word_1_152' title='bbox 447 2748 455 2763; x_wconf 87' lang='lat'><strong>.</strong></span> <span class='ocrx_word' id='word_1_153' title='bbox 478 2747 486 2763; x_wconf 91' lang='lat'><strong>.</strong></span> <span class='ocrx_word' id='word_1_154' title='bbox 509 2696 567 2786; x_wconf 90' lang='lat' dir='ltr'>qui</span> <span class='ocrx_word' id='word_1_155' title='bbox 592 2696 714 2779; x_wconf 84' lang='lat' dir='ltr'>ellecil,</span> <span class='ocrx_word' id='word_1_156' title='bbox 737 2717 780 2764; x_wconf 89' lang='lat' dir='ltr'>ne</span> <span class='ocrx_word' id='word_1_157' title='bbox 799 2717 945 2786; x_wconf 90' lang='lat' dir='ltr'>quorum</span> <span class='ocrx_word' id='word_1_158' title='bbox 960 2715 1055 2763; x_wconf 86' lang='lat' dir='ltr'>arma</span> <span class='ocrx_word' id='word_1_159' title='bbox 1163 2696 1305 2763; x_wconf 93' lang='lat' dir='ltr'>bamur</span> <span class='ocrx_word' id='word_1_160' title='bbox 1327 2716 1347 2764; x_wconf 93' lang='lat' dir='ltr'>a</span> <span class='ocrx_word' id='word_1_161' title='bbox 1368 2696 1477 2764; x_wconf 89' lang='lat' dir='ltr'>victa</span> <span class='ocrx_word' id='word_1_162' title='bbox 1501 2694 1655 2779; x_wconf 87' lang='lat' dir='ltr'>Graecia,</span> <span class='ocrx_word' id='word_1_163' title='bbox 1672 2697 1706 2764; x_wconf 97' lang='lat' dir='ltr'>id</span> <span class='ocrx_word' id='word_1_164' title='bbox 1722 2701 1779 2764; x_wconf 94' lang='lat' dir='ltr'>aut</span> <span class='ocrx_word' id='word_1_165' title='bbox 1797 2701 1950 2787; x_wconf 89' lang='lat' dir='ltr'>ereptum</span> <span class='ocrx_word' id='word_1_166' title='bbox 1967 2699 2017 2766; x_wconf 93' lang='lat' dir='ltr'>eis</span> 
     </span>
     <span class='ocr_line' id='line_1_23' title="bbox 200 2801 2017 2903; baseline 0.002 -33"><span class='ocrx_word' id='word_1_167' title='bbox 200 2806 436 2885; x_wconf 89' lang='lat' dir='ltr'>viceramus,</span> <span class='ocrx_word' id='word_1_168' title='bbox 459 2823 578 2903; x_wconf 86' lang='lat' dir='ltr'>eorum</span> <span class='ocrx_word' id='word_1_169' title='bbox 596 2802 735 2890; x_wconf 90' lang='lat' dir='ltr'>ingenio</span> <span class='ocrx_word' id='word_1_170' title='bbox 757 2801 1054 2889; x_wconf 64' lang='lat' dir='ltr'>vinceremur‘)</span> <span class='ocrx_word' id='word_1_171' title='bbox 1163 2807 1216 2871; x_wconf 90' lang='lat' dir='ltr'>est</span> <span class='ocrx_word' id='word_1_172' title='bbox 1239 2807 1295 2870; x_wconf 89' lang='lat' dir='ltr'>aut</span> <span class='ocrx_word' id='word_1_173' title='bbox 1309 2806 1400 2872; x_wconf 89' lang='lat' dir='ltr'>certe</span> <span class='ocrx_word' id='word_1_174' title='bbox 1416 2804 1518 2871; x_wconf 91' lang='lat' dir='ltr'>nobis</span> <span class='ocrx_word' id='word_1_175' title='bbox 1533 2824 1612 2871; x_wconf 92' lang='lat' dir='ltr'>cum</span> <span class='ocrx_word' id='word_1_176' title='bbox 1633 2804 1700 2871; x_wconf 91' lang='lat' dir='ltr'>illis</span> <span class='ocrx_word' id='word_1_177' title='bbox 1717 2806 2017 2892; x_wconf 68' lang='lat' dir='ltr'>communicatum⁸</span> 
     </span>
    </p>
   </div>
   <div class='ocr_carea' id='block_1_4' title="bbox 203 2925 2019 3123">
    <p class='ocr_par' dir='ltr' id='par_1_8' title="bbox 203 2925 2019 3123">
     <span class='ocr_line' id='line_1_24' title="bbox 361 2925 2019 3018; baseline 0.001 -22"><span class='ocrx_word' id='word_1_178' title='bbox 361 2930 402 2996; x_wconf 88' lang='lat' dir='ltr'>cl.</span> <span class='ocrx_word' id='word_1_179' title='bbox 426 2925 505 2996; x_wconf 91' lang='lat' dir='ltr'>Sen.</span> <span class='ocrx_word' id='word_1_180' title='bbox 530 2929 632 3016; x_wconf 87' lang='lat' dir='ltr'>prael.</span> <span class='ocrx_word' id='word_1_181' title='bbox 662 2931 686 3011; x_wconf 91' lang='lat' dir='ltr'>l,</span> <span class='ocrx_word' id='word_1_182' title='bbox 710 2931 747 2996; x_wconf 87' lang='lat' dir='ltr'>b:</span> <span class='ocrx_word' id='word_1_183' title='bbox 780 2927 946 3018; x_wconf 90' lang='lat' dir='ltr'>quidquid</span> <span class='ocrx_word' id='word_1_184' title='bbox 977 2926 1131 2995; x_wconf 81' lang='lat' dir='ltr'>Romana</span> <span class='ocrx_word' id='word_1_185' title='bbox 1153 2927 1313 2995; x_wconf 88' lang='lat' dir='ltr'>lacundia</span> <span class='ocrx_word' id='word_1_186' title='bbox 1335 2928 1446 3010; x_wconf 84' lang='lat' dir='ltr'>habet,</span> <span class='ocrx_word' id='word_1_187' title='bbox 1469 2927 1563 3018; x_wconf 90' lang='lat' dir='ltr'>quod</span> <span class='ocrx_word' id='word_1_188' title='bbox 1588 2929 1748 2996; x_wconf 88' lang='lat' dir='ltr'>insolenti</span> <span class='ocrx_word' id='word_1_189' title='bbox 1774 2929 1940 2999; x_wconf 89' lang='lat' dir='ltr'>Graeciae</span> <span class='ocrx_word' id='word_1_190' title='bbox 1964 2936 2019 2998; x_wconf 88' lang='lat' dir='ltr'>aut</span> 
     </span>
     <span class='ocr_line' id='line_1_25' title="bbox 203 3032 1160 3123; baseline -0.001 -22"><span class='ocrx_word' id='word_1_191' title='bbox 203 3038 357 3119; x_wconf 89' lang='lat' dir='ltr'>opponat</span> <span class='ocrx_word' id='word_1_192' title='bbox 379 3038 437 3103; x_wconf 91' lang='lat' dir='ltr'>aut</span> <span class='ocrx_word' id='word_1_193' title='bbox 459 3035 636 3123; x_wconf 86' lang='lat' dir='ltr'>praeierat,</span> <span class='ocrx_word' id='word_1_194' title='bbox 659 3034 749 3103; x_wconf 92' lang='lat' dir='ltr'>circa</span> <span class='ocrx_word' id='word_1_195' title='bbox 773 3032 980 3103; x_wconf 90' lang='lat' dir='ltr'>Ciceronem</span> <span class='ocrx_word' id='word_1_196' title='bbox 1005 3034 1160 3103; x_wconf 87' lang='lat' dir='ltr'>ellloruit.</span> 
     </span>
    </p>
   </div>
   <div class='ocr_carea' id='block_1_5' title="bbox 202 3140 2018 3355">
    <p class='ocr_par' dir='ltr' id='par_1_9' title="bbox 202 3140 2018 3355">
     <span class='ocr_line' id='line_1_26' title="bbox 370 3140 1498 3225; baseline 0.001 -2"><span class='ocrx_word' id='word_1_197' title='bbox 370 3158 390 3224; x_wconf 90' lang='lat' dir='ltr'>l.</span> <span class='ocrx_word' id='word_1_198' title='bbox 510 3209 518 3225; x_wconf 92' lang='lat'><strong>.</strong></span> <span class='ocrx_word' id='word_1_199' title='bbox 1102 3140 1105 3191; x_wconf 71' lang='lat' dir='ltr'>r</span> <span class='ocrx_word' id='word_1_200' title='bbox 1330 3210 1338 3225; x_wconf 92' lang='lat'><strong>.</strong></span> <span class='ocrx_word' id='word_1_201' title='bbox 1490 3209 1498 3224; x_wconf 89' lang='lat'><strong>.</strong></span> 
     </span>
     <span class='ocr_line' id='line_1_27' title="bbox 202 3157 2018 3355; baseline 0.001 -24"><span class='ocrx_word' id='word_1_202' title='bbox 202 3157 796 3347; x_wconf 52' lang='lat' dir='ltr'>huiusvtoltiugtgirporisiorlunam</span> <span class='ocrx_word' id='word_1_203' title='bbox 815 3285 879 3333; x_wconf 94' lang='lat' dir='ltr'>nec</span> <span class='ocrx_word' id='word_1_204' title='bbox 898 3265 1054 3333; x_wconf 90' lang='lat' dir='ltr'>dellere</span> <span class='ocrx_word' id='word_1_205' title='bbox 1163 3264 1222 3355; x_wconf 90' lang='lat' dir='ltr'>qui</span> <span class='ocrx_word' id='word_1_206' title='bbox 1254 3158 1570 3332; x_wconf 38' lang='lat' dir='ltr'>&amp;abcsssmnss</span> <span class='ocrx_word' id='word_1_207' title='bbox 1601 3284 1721 3332; x_wconf 92' lang='lat' dir='ltr'>casum</span> <span class='ocrx_word' id='word_1_208' title='bbox 1756 3266 1861 3333; x_wconf 90' lang='lat' dir='ltr'>satis</span> <span class='ocrx_word' id='word_1_209' title='bbox 1891 3266 2018 3354; x_wconf 83' lang='lat' dir='ltr'>digne</span> 
     </span>
    </p>
   </div>
   <div class='ocr_carea' id='block_1_6' title="bbox 202 3369 2156 3463">
    <p class='ocr_par' dir='ltr' id='par_1_10' title="bbox 202 3369 2156 3463">
     <span class='ocr_line' id='line_1_28' title="bbox 202 3369 2156 3463; baseline 0.001 -24"><span class='ocrx_word' id='word_1_210' title='bbox 202 3372 384 3463; x_wconf 91' lang='lat' dir='ltr'>quisquam</span> <span class='ocrx_word' id='word_1_211' title='bbox 408 3370 513 3440; x_wconf 91' lang='lat' dir='ltr'>satis</span> <span class='ocrx_word' id='word_1_212' title='bbox 536 3370 660 3457; x_wconf 89' lang='lat' dir='ltr'>digne</span> <span class='ocrx_word' id='word_1_213' title='bbox 685 3372 825 3460; x_wconf 82' lang='lat' dir='ltr'>potuit</span> <span class='ocrx_word' id='word_1_214' title='bbox 1163 3372 1388 3459; x_wconf 89' lang='lat' dir='ltr'>deplorare</span> <span class='ocrx_word' id='word_1_215' title='bbox 1403 3375 1555 3453; x_wconf 81' lang='lat' dir='ltr'>posset,</span> <span class='ocrx_word' id='word_1_216' title='bbox 1572 3370 1660 3438; x_wconf 92' lang='lat' dir='ltr'>alius</span> <span class='ocrx_word' id='word_1_217' title='bbox 1675 3369 1801 3439; x_wconf 92' lang='lat' dir='ltr'>Cicero</span> <span class='ocrx_word' id='word_1_218' title='bbox 1817 3394 1886 3439; x_wconf 92' lang='lat' dir='ltr'>non</span> <span class='ocrx_word' id='word_1_219' title='bbox 1902 3376 2019 3445; x_wconf 86' lang='lat' dir='ltr'>exstat.</span> <span class='ocrx_word' id='word_1_220' title='bbox 2154 3382 2156 3386; x_wconf 84' lang='lat'>&#39;</span> 
     </span>
    </p>
   </div>
   <div class='ocr_carea' id='block_1_7' title="bbox 202 3475 2020 4098">
    <p class='ocr_par' dir='ltr' id='par_1_11' title="bbox 362 3475 1745 3565">
     <span class='ocr_line' id='line_1_29' title="bbox 362 3475 1745 3565; baseline -0.001 -20"><span class='ocrx_word' id='word_1_221' title='bbox 362 3478 600 3545; x_wconf 66' lang='lat' dir='ltr'>clanmorem</span> <span class='ocrx_word' id='word_1_222' title='bbox 625 3475 786 3545; x_wconf 89' lang='lat' dir='ltr'>Octaviae</span> <span class='ocrx_word' id='word_1_223' title='bbox 809 3481 887 3546; x_wconf 79' lang='lat'>914:</span> <span class='ocrx_word' id='word_1_224' title='bbox 909 3478 1006 3563; x_wconf 90' lang='lat' dir='ltr'>quis</span> <span class='ocrx_word' id='word_1_225' title='bbox 1030 3499 1115 3546; x_wconf 90' lang='lat' dir='ltr'>mea</span> <span class='ocrx_word' id='word_1_226' title='bbox 1138 3478 1264 3565; x_wconf 91' lang='lat' dir='ltr'>digne</span> <span class='ocrx_word' id='word_1_227' title='bbox 1286 3478 1444 3545; x_wconf 90' lang='lat' dir='ltr'>dellere</span> <span class='ocrx_word' id='word_1_228' title='bbox 1467 3480 1605 3563; x_wconf 91' lang='lat' dir='ltr'>potest</span> <span class='ocrx_word' id='word_1_229' title='bbox 1629 3479 1745 3546; x_wconf 85' lang='lat' dir='ltr'>mala.</span> 
     </span>
    </p>

    <p class='ocr_par' dir='ltr' id='par_1_12' title="bbox 202 3580 2018 3773">
     <span class='ocr_line' id='line_1_30' title="bbox 364 3580 2018 3674; baseline 0.003 -25"><span class='ocrx_word' id='word_1_230' title='bbox 364 3582 430 3649; x_wconf 78' lang='lat' dir='ltr'>liv.</span> <span class='ocrx_word' id='word_1_231' title='bbox 452 3603 504 3672; x_wconf 92' lang='lat' dir='ltr'>ap.</span> <span class='ocrx_word' id='word_1_232' title='bbox 528 3580 606 3651; x_wconf 91' lang='lat' dir='ltr'>Sen.</span> <span class='ocrx_word' id='word_1_233' title='bbox 634 3603 724 3652; x_wconf 90' lang='lat' dir='ltr'>suas.</span> <span class='ocrx_word' id='word_1_234' title='bbox 748 3587 778 3668; x_wconf 90' lang='grc'>6,</span> <span class='ocrx_word' id='word_1_235' title='bbox 809 3587 866 3650; x_wconf 84' lang='lat'>22:</span> <span class='ocrx_word' id='word_1_236' title='bbox 1006 3585 1040 3652; x_wconf 91' lang='lat' dir='ltr'>in</span> <span class='ocrx_word' id='word_1_237' title='bbox 1074 3585 1173 3652; x_wconf 92' lang='lat' dir='ltr'>cuius</span> <span class='ocrx_word' id='word_1_238' title='bbox 1204 3584 1323 3652; x_wconf 92' lang='lat' dir='ltr'>laudes</span> <span class='ocrx_word' id='word_1_239' title='bbox 1361 3585 1602 3674; x_wconf 89' lang='lat' dir='ltr'>exsequendas</span> <span class='ocrx_word' id='word_1_240' title='bbox 1639 3583 1810 3653; x_wconf 89' lang='lat' dir='ltr'>Cicerone</span> <span class='ocrx_word' id='word_1_241' title='bbox 1845 3586 2018 3654; x_wconf 88' lang='lat' dir='ltr'>laudatore</span> 
     </span>
     <span class='ocr_line' id='line_1_31' title="bbox 202 3690 425 3773; baseline 0.004 -17"><span class='ocrx_word' id='word_1_242' title='bbox 202 3710 294 3773; x_wconf 91' lang='lat' dir='ltr'>opus</span> <span class='ocrx_word' id='word_1_243' title='bbox 317 3690 425 3757; x_wconf 82' lang='lat' dir='ltr'>luerit</span> 
     </span>
    </p>

    <p class='ocr_par' dir='ltr' id='par_1_13' title="bbox 204 3794 2020 4098">
     <span class='ocr_line' id='line_1_32' title="bbox 366 3794 2019 3887; baseline 0.004 -25"><span class='ocrx_word' id='word_1_244' title='bbox 366 3795 481 3884; x_wconf 89' lang='lat' dir='ltr'>ltaque</span> <span class='ocrx_word' id='word_1_245' title='bbox 504 3796 538 3863; x_wconf 94' lang='lat' dir='ltr'>in</span> <span class='ocrx_word' id='word_1_246' title='bbox 562 3796 734 3864; x_wconf 89' lang='lat' dir='ltr'>similibus</span> <span class='ocrx_word' id='word_1_247' title='bbox 750 3797 793 3864; x_wconf 93' lang='lat' dir='ltr'>de</span> <span class='ocrx_word' id='word_1_248' title='bbox 817 3794 998 3864; x_wconf 89' lang='lat' dir='ltr'>Ciceronis</span> <span class='ocrx_word' id='word_1_249' title='bbox 1018 3797 1116 3865; x_wconf 90' lang='lat' dir='ltr'>laude</span> <span class='ocrx_word' id='word_1_250' title='bbox 1140 3795 1320 3865; x_wconf 87' lang='lat' dir='ltr'>sententiis</span> <span class='ocrx_word' id='word_1_251' title='bbox 1337 3800 1416 3863; x_wconf 88' lang='lat' dir='ltr'>sunt</span> <span class='ocrx_word' id='word_1_252' title='bbox 1430 3816 1517 3884; x_wconf 82' lang='lat' dir='ltr'>quae</span> <span class='ocrx_word' id='word_1_253' title='bbox 1534 3816 1577 3865; x_wconf 91' lang='lat' dir='ltr'>ex</span> <span class='ocrx_word' id='word_1_254' title='bbox 1587 3798 1662 3887; x_wconf 89' lang='lat' dir='ltr'>ipso</span> <span class='ocrx_word' id='word_1_255' title='bbox 1679 3797 1849 3868; x_wconf 90' lang='lat' dir='ltr'>Cicerone</span> <span class='ocrx_word' id='word_1_256' title='bbox 1863 3803 2019 3887; x_wconf 90' lang='lat' dir='ltr'>sumptae</span> 
     </span>
     <span class='ocr_line' id='line_1_33' title="bbox 204 3901 2020 3991; baseline 0.002 -21"><span class='ocrx_word' id='word_1_257' title='bbox 204 3902 281 3985; x_wconf 89' lang='lat' dir='ltr'>sint,</span> <span class='ocrx_word' id='word_1_258' title='bbox 318 3901 362 3968; x_wconf 91' lang='lat' dir='ltr'>ita</span> <span class='ocrx_word' id='word_1_259' title='bbox 393 3906 428 3968; x_wconf 92' lang='lat' dir='ltr'>ut</span> <span class='ocrx_word' id='word_1_260' title='bbox 458 3922 527 3969; x_wconf 91' lang='lat' dir='ltr'>non</span> <span class='ocrx_word' id='word_1_261' title='bbox 558 3904 674 3971; x_wconf 92' lang='lat' dir='ltr'>solum</span> <span class='ocrx_word' id='word_1_262' title='bbox 704 3902 846 3970; x_wconf 88' lang='lat' dir='ltr'>Asinius</span> <span class='ocrx_word' id='word_1_263' title='bbox 878 3903 997 3985; x_wconf 87' lang='lat' dir='ltr'>Pollio,</span> <span class='ocrx_word' id='word_1_264' title='bbox 1034 3903 1095 3971; x_wconf 89' lang='lat' dir='ltr'>sed</span> <span class='ocrx_word' id='word_1_265' title='bbox 1121 3902 1317 3971; x_wconf 87' lang='lat' dir='ltr'>scholastici</span> <span class='ocrx_word' id='word_1_266' title='bbox 1342 3923 1480 3991; x_wconf 90' lang='lat' dir='ltr'>quoque</span> <span class='ocrx_word' id='word_1_267' title='bbox 1505 3924 1596 3983; x_wconf 85' lang='lat' dir='ltr'>,non</span> <span class='ocrx_word' id='word_1_268' title='bbox 1621 3904 1779 3973; x_wconf 91' lang='lat' dir='ltr'>laudasse</span> <span class='ocrx_word' id='word_1_269' title='bbox 1804 3904 2020 3989; x_wconf 89' lang='lat' dir='ltr'>Ciceronem,</span> 
     </span>
     <span class='ocr_line' id='line_1_34' title="bbox 204 4007 1332 4098; baseline -0.001 -22"><span class='ocrx_word' id='word_1_270' title='bbox 204 4008 267 4077; x_wconf 87' lang='lat' dir='ltr'>sed</span> <span class='ocrx_word' id='word_1_271' title='bbox 292 4011 442 4075; x_wconf 87' lang='lat' dir='ltr'>certasse</span> <span class='ocrx_word' id='word_1_272' title='bbox 465 4027 544 4074; x_wconf 91' lang='lat' dir='ltr'>cum</span> <span class='ocrx_word' id='word_1_273' title='bbox 569 4007 740 4077; x_wconf 91' lang='lat' dir='ltr'>Cicerone</span> <span class='ocrx_word' id='word_1_274' title='bbox 761 4009 959 4077; x_wconf 86' lang='lat' dir='ltr'>videantur“</span> <span class='ocrx_word' id='word_1_275' title='bbox 983 4007 1077 4098; x_wconf 88' lang='lat' dir='ltr'>(Sen</span> <span class='ocrx_word' id='word_1_276' title='bbox 1099 4029 1189 4077; x_wconf 82' lang='lat' dir='ltr'>suas</span> <span class='ocrx_word' id='word_1_277' title='bbox 1213 4012 1242 4091; x_wconf 92' lang='grc'>6,</span> <span class='ocrx_word' id='word_1_278' title='bbox 1266 4009 1332 4091; x_wconf 84' lang='grc'>25).</span> 
     </span>
    </p>
   </div>
   <div class='ocr_carea' id='block_1_8' title="bbox 204 4129 2022 4540">
    <p class='ocr_par' dir='ltr' id='par_1_14' title="bbox 204 4129 2022 4540">
     <span class='ocr_line' id='line_1_35' title="bbox 366 4129 2020 4226; baseline 0.004 -29"><span class='ocrx_word' id='word_1_279' title='bbox 366 4129 520 4218; x_wconf 90' lang='lat' dir='ltr'>Singulis</span> <span class='ocrx_word' id='word_1_280' title='bbox 564 4134 849 4202; x_wconf 88' lang='lat' dir='ltr'>scholasticorum</span> <span class='ocrx_word' id='word_1_281' title='bbox 893 4135 1065 4218; x_wconf 86' lang='lat' dir='ltr'>exemplis</span> <span class='ocrx_word' id='word_1_282' title='bbox 1094 4134 1237 4221; x_wconf 90' lang='lat' dir='ltr'>prolatis</span> <span class='ocrx_word' id='word_1_283' title='bbox 1297 4133 1330 4200; x_wconf 86' lang='lat' dir='ltr'>in</span> <span class='ocrx_word' id='word_1_284' title='bbox 1367 4133 1564 4201; x_wconf 88' lang='lat' dir='ltr'>universum</span> <span class='ocrx_word' id='word_1_285' title='bbox 1611 4134 1710 4202; x_wconf 88' lang='lat' dir='ltr'>liceat</span> <span class='ocrx_word' id='word_1_286' title='bbox 1733 4135 1903 4218; x_wconf 87' lang='lat' dir='ltr'>adserere,</span> <span class='ocrx_word' id='word_1_287' title='bbox 1932 4155 2020 4226; x_wconf 90' lang='lat' dir='ltr'>quae</span> 
     </span>
     <span class='ocr_line' id='line_1_36' title="bbox 204 4238 2021 4329; baseline 0.001 -23"><span class='ocrx_word' id='word_1_288' title='bbox 204 4238 330 4307; x_wconf 89' lang='lat' dir='ltr'>similia</span> <span class='ocrx_word' id='word_1_289' title='bbox 360 4242 541 4305; x_wconf 89' lang='lat' dir='ltr'>occurrant</span> <span class='ocrx_word' id='word_1_290' title='bbox 569 4240 660 4327; x_wconf 90' lang='lat' dir='ltr'>apud</span> <span class='ocrx_word' id='word_1_291' title='bbox 693 4240 920 4308; x_wconf 89' lang='lat' dir='ltr'>scholasticos</span> <span class='ocrx_word' id='word_1_292' title='bbox 953 4240 987 4307; x_wconf 93' lang='lat' dir='ltr'>in</span> <span class='ocrx_word' id='word_1_293' title='bbox 1023 4239 1206 4328; x_wconf 89' lang='lat' dir='ltr'>descriptis</span> <span class='ocrx_word' id='word_1_294' title='bbox 1237 4259 1442 4325; x_wconf 89' lang='lat' dir='ltr'>magnorum</span> <span class='ocrx_word' id='word_1_295' title='bbox 1474 4239 1717 4328; x_wconf 89' lang='lat' dir='ltr'>imperatorum</span> <span class='ocrx_word' id='word_1_296' title='bbox 1742 4240 2021 4329; x_wconf 86' lang='lat' dir='ltr'>expeditionibus</span> 
     </span>
     <span class='ocr_line' id='line_1_37' title="bbox 206 4343 2022 4434; baseline 0.002 -22"><span class='ocrx_word' id='word_1_297' title='bbox 206 4345 342 4432; x_wconf 88' lang='lat' dir='ltr'>magnis</span> <span class='ocrx_word' id='word_1_298' title='bbox 370 4346 463 4413; x_wconf 90' lang='lat' dir='ltr'>velut</span> <span class='ocrx_word' id='word_1_299' title='bbox 489 4344 614 4412; x_wconf 83' lang='lat' dir='ltr'>Xerxis</span> <span class='ocrx_word' id='word_1_300' title='bbox 642 4345 676 4412; x_wconf 89' lang='lat' dir='ltr'>in</span> <span class='ocrx_word' id='word_1_301' title='bbox 706 4344 888 4415; x_wconf 86' lang='lat' dir='ltr'>Graeciam</span> <span class='ocrx_word' id='word_1_302' title='bbox 910 4343 1005 4434; x_wconf 85' lang='lat' dir='ltr'>(Sen.</span> <span class='ocrx_word' id='word_1_303' title='bbox 1034 4366 1125 4415; x_wconf 89' lang='lat' dir='ltr'>suas.</span> <span class='ocrx_word' id='word_1_304' title='bbox 1148 4349 1179 4412; x_wconf 84' lang='lat'>2.</span> <span class='ocrx_word' id='word_1_305' title='bbox 1202 4350 1235 4413; x_wconf 90' lang='lat' dir='ltr'>et</span> <span class='ocrx_word' id='word_1_306' title='bbox 1257 4346 1301 4431; x_wconf 83' lang='lat'>5.)</span> <span class='ocrx_word' id='word_1_307' title='bbox 1346 4346 1531 4413; x_wconf 88' lang='lat' dir='ltr'>Alexandri</span> <span class='ocrx_word' id='word_1_308' title='bbox 1556 4347 1590 4413; x_wconf 94' lang='lat' dir='ltr'>in</span> <span class='ocrx_word' id='word_1_309' title='bbox 1616 4345 1746 4413; x_wconf 91' lang='lat' dir='ltr'>lndiam</span> <span class='ocrx_word' id='word_1_310' title='bbox 1769 4344 1865 4432; x_wconf 76' lang='lat' dir='ltr'>(Sen,</span> <span class='ocrx_word' id='word_1_311' title='bbox 1888 4367 1969 4415; x_wconf 91' lang='lat' dir='ltr'>suas</span> <span class='ocrx_word' id='word_1_312' title='bbox 1997 4353 2022 4415; x_wconf 92' lang='lat' dir='ltr'>l.</span> 
     </span>
     <span class='ocr_line' id='line_1_38' title="bbox 205 4450 2021 4540; baseline 0.001 -21"><span class='ocrx_word' id='word_1_313' title='bbox 205 4455 238 4519; x_wconf 89' lang='lat' dir='ltr'>et</span> <span class='ocrx_word' id='word_1_314' title='bbox 261 4455 290 4520; x_wconf 86' lang='grc'>4.</span> <span class='ocrx_word' id='word_1_315' title='bbox 314 4450 399 4520; x_wconf 87' lang='lat' dir='ltr'>Curt</span> <span class='ocrx_word' id='word_1_316' title='bbox 422 4452 489 4538; x_wconf 87' lang='lat' dir='ltr'>lX).</span> <span class='ocrx_word' id='word_1_317' title='bbox 535 4450 696 4520; x_wconf 83' lang='lat' dir='ltr'>Caesaris</span> <span class='ocrx_word' id='word_1_318' title='bbox 720 4453 755 4520; x_wconf 92' lang='lat' dir='ltr'>in</span> <span class='ocrx_word' id='word_1_319' title='bbox 779 4452 988 4522; x_wconf 89' lang='lat' dir='ltr'>Britanniam</span> <span class='ocrx_word' id='word_1_320' title='bbox 1011 4453 1108 4540; x_wconf 84' lang='lat' dir='ltr'>(Veli.</span> <span class='ocrx_word' id='word_1_321' title='bbox 1132 4455 1162 4535; x_wconf 86' lang='lat'>2,</span> <span class='ocrx_word' id='word_1_322' title='bbox 1186 4456 1239 4533; x_wconf 83' lang='grc'>46,</span> <span class='ocrx_word' id='word_1_323' title='bbox 1267 4456 1292 4518; x_wconf 91' lang='lat' dir='ltr'>l.</span> <span class='ocrx_word' id='word_1_324' title='bbox 1313 4452 1384 4520; x_wconf 90' lang='lat' dir='ltr'>Val.</span> <span class='ocrx_word' id='word_1_325' title='bbox 1407 4455 1438 4533; x_wconf 84' lang='grc'>3,</span> <span class='ocrx_word' id='word_1_326' title='bbox 1460 4454 1491 4535; x_wconf 88' lang='grc'>2,</span> <span class='ocrx_word' id='word_1_327' title='bbox 1514 4453 1580 4538; x_wconf 84' lang='grc'><strong>23).</strong></span> <span class='ocrx_word' id='word_1_328' title='bbox 1627 4451 1704 4537; x_wconf 89' lang='lat' dir='ltr'>Qua</span> <span class='ocrx_word' id='word_1_329' title='bbox 1728 4452 1762 4520; x_wconf 95' lang='lat' dir='ltr'>in</span> <span class='ocrx_word' id='word_1_330' title='bbox 1787 4472 1823 4521; x_wconf 91' lang='lat' dir='ltr'>re</span> <span class='ocrx_word' id='word_1_331' title='bbox 1845 4454 2021 4521; x_wconf 90' lang='lat' dir='ltr'>neminem</span> 
     </span>
    </p>
   </div>
   <div class='ocr_carea' id='block_1_9' title="bbox 207 4644 2022 4790">
    <p class='ocr_par' dir='ltr' id='par_1_15' title="bbox 207 4644 2022 4790">
     <span class='ocr_line' id='line_1_39' title="bbox 207 4644 2022 4790; baseline -0.004 -79"><span class='ocrx_word' id='word_1_332' title='bbox 207 4731 319 4790; x_wconf 53' lang='lat' dir='ltr'>prom</span> <span class='ocrx_word' id='word_1_333' title='bbox 366 4646 554 4773; x_wconf 62' lang='lat' dir='ltr'>llmsimillter</span> <span class='ocrx_word' id='word_1_334' title='bbox 583 4645 720 4704; x_wconf 88' lang='lat' dir='ltr'>Valerius</span> <span class='ocrx_word' id='word_1_335' title='bbox 752 4646 790 4703; x_wconf 88' lang='lat' dir='ltr'>de</span> <span class='ocrx_word' id='word_1_336' title='bbox 819 4646 926 4704; x_wconf 85' lang='lat' dir='ltr'>Porcia</span> <span class='ocrx_word' id='word_1_337' title='bbox 952 4646 990 4703; x_wconf 90' lang='grc' dir='ltr'>Μ.</span> <span class='ocrx_word' id='word_1_338' title='bbox 1020 4644 1144 4703; x_wconf 88' lang='lat' dir='ltr'>Catonis</span> <span class='ocrx_word' id='word_1_339' title='bbox 1176 4645 1239 4702; x_wconf 87' lang='lat' dir='ltr'>lilia</span> <span class='ocrx_word' id='word_1_340' title='bbox 1265 4647 1291 4717; x_wconf 85' lang='grc'>4,</span> <span class='ocrx_word' id='word_1_341' title='bbox 1304 4648 1332 4717; x_wconf 92' lang='grc'>6,</span> <span class='ocrx_word' id='word_1_342' title='bbox 1351 4649 1381 4701; x_wconf 90' lang='lat'>5:</span> <span class='ocrx_word' id='word_1_343' title='bbox 1418 4648 1525 4703; x_wconf 85' lang='lat' dir='ltr'>cuncta</span> <span class='ocrx_word' id='word_1_344' title='bbox 1549 4646 1672 4704; x_wconf 88' lang='lat' dir='ltr'>saecula</span> <span class='ocrx_word' id='word_1_345' title='bbox 1699 4645 1801 4704; x_wconf 88' lang='lat' dir='ltr'>debita</span> <span class='ocrx_word' id='word_1_346' title='bbox 1828 4646 2022 4705; x_wconf 88' lang='lat' dir='ltr'>admiratione</span> 
     </span>
     <span class='ocr_line' id='line_1_40' title="bbox 321 4733 436 4775; baseline 0.017 -2"><span class='ocrx_word' id='word_1_347' title='bbox 321 4733 379 4773; x_wconf 86' lang='lat' dir='ltr'>uen</span> <span class='ocrx_word' id='word_1_348' title='bbox 414 4734 436 4775; x_wconf 93' lang='lat' dir='ltr'>r.</span> 
     </span>
    </p>
   </div>
   <div class='ocr_carea' id='block_1_10' title="bbox 206 4804 2024 5023">
    <p class='ocr_par' dir='ltr' id='par_1_16' title="bbox 206 4804 2024 5023">
     <span class='ocr_line' id='line_1_41' title="bbox 281 4804 2024 4931; baseline 0.001 -68"><span class='ocrx_word' id='word_1_349' title='bbox 281 4874 288 4889; x_wconf 28' lang='grc' dir='ltr'>ι</span> <span class='ocrx_word' id='word_1_350' title='bbox 365 4804 576 4931; x_wconf 44' lang='grc' dir='ltr'>’366616ςοί6</span> <span class='ocrx_word' id='word_1_351' title='bbox 595 4822 672 4880; x_wconf 90' lang='lat' dir='ltr'>quae</span> <span class='ocrx_word' id='word_1_352' title='bbox 701 4805 780 4862; x_wconf 89' lang='lat' dir='ltr'>inest</span> <span class='ocrx_word' id='word_1_353' title='bbox 807 4805 1097 4891; x_wconf 65' lang='lat' dir='ltr'>inoppositnyerbi</span> <span class='ocrx_word' id='word_1_354' title='bbox 1128 4805 1300 4891; x_wconf 67' lang='lat' dir='ltr'>,vincendl“</span> <span class='ocrx_word' id='word_1_355' title='bbox 1339 4806 1434 4864; x_wconf 84' lang='lat' dir='ltr'>torma</span> <span class='ocrx_word' id='word_1_356' title='bbox 1452 4806 1549 4864; x_wconf 84' lang='lat' dir='ltr'>activa</span> <span class='ocrx_word' id='word_1_357' title='bbox 1567 4810 1597 4862; x_wconf 88' lang='lat' dir='ltr'>et</span> <span class='ocrx_word' id='word_1_358' title='bbox 1616 4806 1746 4879; x_wconf 86' lang='lat' dir='ltr'>passiva,</span> <span class='ocrx_word' id='word_1_359' title='bbox 1765 4807 1843 4880; x_wconf 89' lang='lat' dir='ltr'>apud</span> <span class='ocrx_word' id='word_1_360' title='bbox 1864 4806 2024 4864; x_wconf 87' lang='lat' dir='ltr'>scholasti-</span> 
     </span>
     <span class='ocr_line' id='line_1_42' title="bbox 206 4875 2023 5023; baseline 0.002 -20"><span class='ocrx_word' id='word_1_361' title='bbox 206 4890 310 5004; x_wconf 63' lang='lat' dir='ltr'>All?</span> <span class='ocrx_word' id='word_1_362' title='bbox 323 4875 1340 5023; x_wconf 54' lang='lat' dir='ltr'>trefe,*llabbelflblfltllllblsllzbilffl‘</span> <span class='ocrx_word' id='word_1_363' title='bbox 1359 4878 1499 4935; x_wconf 76' lang='lat'><strong>¹¹⁰⁰¹⁰⁰⁰</strong></span> <span class='ocrx_word' id='word_1_364' title='bbox 1523 4878 1560 4935; x_wconf 72' lang='lat'>³⁶</span> <span class='ocrx_word' id='word_1_365' title='bbox 1598 4877 1668 4934; x_wconf 53' lang='lat'>⁸⁸¹*</span> <span class='ocrx_word' id='word_1_366' title='bbox 1686 4894 1767 4936; x_wconf 69' lang='lat'>‘¹¹³⁸‘</span> <span class='ocrx_word' id='word_1_367' title='bbox 1785 4879 1838 4947; x_wconf 78' lang='lat'>²²’</span> <span class='ocrx_word' id='word_1_368' title='bbox 1855 4881 1909 4949; x_wconf 82' lang='lat'><strong>⁶·²’</strong></span> <span class='ocrx_word' id='word_1_369' title='bbox 1930 4881 1970 4935; x_wconf 36' lang='grc' dir='ltr'>’ἃ</span> <span class='ocrx_word' id='word_1_370' title='bbox 1987 4880 2023 4939; x_wconf 77' lang='lat'>²²</span> 
     </span>
    </p>
   </div>
   <div class='ocr_carea' id='block_1_11' title="bbox 0 0 2354 5575">
    <p class='ocr_par' dir='ltr' id='par_1_17' title="bbox 0 0 2354 5575">
     <span class='ocr_line' id='line_1_43' title="bbox 0 0 2354 5575; baseline 0 0"><span class='ocrx_word' id='word_1_371' title='bbox 0 0 2354 5575; x_wconf 95' lang='lat' dir='ltr'> </span> 
     </span>
    </p>
   </div>
  </div>
 </body>
</html>
