4675 5575
1193 354 1230 418 12

1106 445 1320 454 ——-—-.

299 563 396 631 sticis
427 564 530 631 rebus
566 562 758 649 indulgens,
792 563 876 631 alter
905 563 1048 631 omnino
1078 563 1215 632 deditus
1244 564 1385 633 videtur.
1436 566 1579 634 Necnon
1613 588 1655 635 ex
1687 569 1809 638 eadem
1845 571 2118 640 declamatorum

300 670 463 739 societate
488 669 659 758 prodiisse
684 669 762 737 illos
783 670 970 737 verisimile
994 674 1054 737 est
1101 670 1234 738 Etenim
1259 669 1293 738 S.
1318 671 1513 761 Pompeius,
1534 673 1589 740 cui
1604 674 1759 743 Valerius
1783 681 1928 765 patrono
1950 678 2120 747 dedicavit

300 779 505 867 opusculum
528 797 640 860 suum,
665 778 743 866 „qui
766 777 878 844 studia
901 780 1017 844 nostra
1040 777 1143 845 ductu
1167 780 1201 845 et
1222 778 1387 867 anspiciis
1410 779 1483 846 suis
1505 780 1671 849 lucidiora
1685 785 1719 848 et
1736 783 1901 852 alacriora
1916 784 2118 872 reddidit‘l)

300 891 333 955 et
357 886 431 974 ipse
455 889 526 952 erat
548 884 758 952 declamator
782 884 1049 965 ,tacundissimo
1076 904 1251 966 sermone,
1275 885 1332 974 qui
1365 905 1425 952 ore
1456 885 1530 953 eius
1560 887 1657 976 quasi
1688 908 1707 955 e
1737 889 1837 957 beato
1867 891 2018 980 quodam
2049 894 2120 961 elo-

300 993 459 1083 quentiae
482 992 575 1059 tonte
600 990 823 1076 manabat,“²)
849 995 881 1059 et
903 991 1034 1059 amicus
1058 995 1194 1079 putatur
1216 991 1325 1059 tuisse
1350 990 1473 1076 Ovidii,
1509 995 1601 1082 (epp.
1630 1015 1673 1063 ex
1704 994 1813 1064 Ponto
1845 997 1869 1064 11
1905 1002 1930 1065 1.
1958 1001 2040 1082 4,5.
2068 1002 2119 1087 15)

300 1097 413 1166 Ovidii
449 1118 539 1170 ,vero
586 1118 761 1166 summum
807 1102 995 1167 amatorem
1041 1098 1149 1166 tuisse
1202 1098 1236 1165 Ρ.
1271 1097 1442 1166 Vinicium
1484 1099 1589 1167 Vellei
1635 1106 1820 1190 patronum
1862 1102 1980 1172 Senea
2018 1106 2120 1174 tradit

300 1209 421 1292 (contr.
449 1208 498 1288 10,
521 1207 552 1287 4,
575 1206 641 1288 25.)

461 1330 627 1397 Videmus
651 1329 752 1415 igitur
774 1328 929 1415 Augusto
953 1328 1103 1397 Caesare
1121 1332 1256 1396 mortuo
1278 1329 1335 1417 qui
1352 1330 1454 1417 primi
1470 1331 1672 1399 exstiterunt
1687 1333 1870 1401 litterarum
1889 1334 2117 1405 Romanarum

301 1440 487 1528 scriptores
510 1426 669 1504 alumnos
692 1435 799 1503 tuisse
823 1436 1014 1502 studiorum
1037 1436 1323 1503 scholasticorum
1346 1440 1427 1504 tunc
1453 1436 1581 1505 Romae
1608 1440 1756 1507 maxime
1780 1440 1985 1509 llorentium.

461 1560 611 1628 Tertium
635 1562 713 1647 post
737 1558 815 1626 illos
838 1558 968 1626 obtinet
991 1559 1104 1625 locum
1129 1557 1268 1627 Curtius
1292 1558 1397 1628 Rutus
1420 1565 1453 1628 et
1476 1561 1550 1649 ipse
1579 1564 1735 1631 omnium
1760 1565 1924 1653 opinione
1950 1588 2020 1634 non
2045 1573 2119 1637 tam

302 1690 414 1737 rerum
438 1667 584 1754 scriptor
607 1686 710 1756 quam
736 1666 850 1732 rhetor
872 1665 1109 1750 scholasticus
1131 1685 1235 1758 quem
1259 1667 1387 1734 adserit
1410 1665 1596 1737 Suetonius
1619 1690 1702 1738 suae
1733 1673 1907 1739 rhetorum
1938 1675 2118 1743 latinorum

300 1774 487 1843 illustrium
515 1771 812 1856 enumerationit)

456 1880 530 1967 Jam
554 1900 635 1946 vero
660 1881 801 1965 tongum
826 1882 877 1946 est
899 1879 957 1968 qui
981 1882 1089 1947 aetate
1114 1879 1305 1948 succedunt
1328 1882 1455 1948 saeculi
1479 1882 1666 1970 scriptores
1683 1889 1835 1971 cunctos,
1852 1888 1977 1977 quibus
1995 1889 2119 1956 tuerint

301 1988 424 2056 studiis
447 1986 671 2068 scholasticis,
693 1986 864 2053 disserere
888 1989 989 2075 atque
1013 1987 1220 2053 examinare.
1266 1986 1415 2070 Quaevis
1446 1988 1631 2056 litterarum
1662 1990 1803 2059 historia
1827 1992 1937 2060 docet.
1985 1993 2020 2060 ld
2047 1998 2121 2062 tan-

300 2094 480 2162 tummodo
503 2093 586 2160 satis
609 2097 661 2159 est
684 2092 862 2159 monuisse
886 2093 992 2160 tuisse
1017 2092 1107 2160 hand
1132 2112 1263 2180 paucos
1286 2114 1405 2160 eorum
1429 2095 1482 2161 vel
1501 2095 1597 2183 ipsos
1612 2097 1766 2164 rhetores
1782 2100 2010 2167 scholasticos
2027 2102 2115 2169 sicut

304 2202 498 2267 iuvenalem
520 2200 573 2265 vel
598 2199 772 2266 rhetorum
797 2198 889 2265 tilios
912 2199 1195 2289 propinquosque
1219 2204 1254 2266 ut
1277 2198 1446 2268 Senecam
1477 2203 1732 2291 philosophum,
1756 2204 1938 2289 Lucanum,
1960 2210 2013 2274 vel
2042 2229 2119 2274 curn

302 2306 518 2375 scholasticis
541 2305 712 2373 artissima
734 2305 984 2373 consuetudine
1008 2305 1213 2373 coniunctos
1237 2309 1272 2372 ut
1297 2306 1445 2375 Plinium
1470 2309 1648 2376 minorem.
1695 2311 1816 2401 Neque
1831 2312 1986 2381 Tacitum
2007 2315 2119 2402 ipsum

302 2416 345 2482 ab
368 2414 462 2481 hisce
487 2412 610 2479 studiis
633 2432 774 2499 prorsus
798 2412 905 2479 tuisse
928 2412 1078 2479 alienum
1103 2433 1208 2479 nemo
1232 2413 1382 2499 negabit.

458 2538 533 2625 Jam
562 2557 643 2604 vero
674 2540 851 2604 assecutos
879 2557 944 2604 nos
975 2557 1052 2604 esse
1081 2537 1248 2622 videmus,
1280 2539 1373 2627 quod
1400 2539 1636 2607 demonstrare
1669 2542 1770 2608 nobis
1800 2549 1871 2610 erat
1894 2545 2121 2632 propositum,

303 2646 415 2736 primo
440 2665 471 2733 p.
504 2643 584 2711 Chr.
610 2645 748 2711 saecuto
779 2643 948 2732 imprimis
978 2644 1115 2711 ineunte
1143 2644 1250 2712 tuisse
1280 2646 1485 2734 scriptorum
1518 2646 1656 2733 ingenia
1687 2668 1756 2715 non
1787 2650 1900 2716 solum
1933 2651 2122 2720 mediocria

303 2752 486 2822 sedetiam
511 2751 754 2820 communibus
777 2751 896 2819 aetatis
920 2751 1041 2819 studiis
1065 2751 1281 2819 scholasticis
1305 2772 1448 2841 prorsus
1479 2753 1638 2821 obnoxia.

464 2877 590 2945 Schola
614 2876 803 2944 erudiverat
825 2881 925 2966 atque
949 2876 1137 2944 instituerat
1160 2877 1369 2966 quicumque
1394 2853 1473 2945 tunc
1497 2879 1615 2946 litteris
1639 2880 1804 2961 studebat,
1827 2882 1912 2950 haec
1936 2883 1982 2949 illi
2006 2887 2123 2967 verba,

303 2985 442 3073 tiguras,
464 2986 549 3052 haec
573 2983 767 3065 sententias,
791 2985 875 3051 haec
899 2983 1049 3074 denique
1062 2983 1252 3050 dictionem
1269 2985 1471 3067 excoluerat,
1487 2986 1703 3073 expoliverat
1728 2986 1822 3054 llaec
1834 2987 1960 3056 deinde
1984 2992 2123 3078 pellexit

302 3093 345 3161 ad
368 3092 598 3174 scribendum,
622 3092 706 3157 haec
731 3091 906 3157 nonnullis
930 3092 1086 3179 praebuit
1108 3094 1309 3177 argumenta
1333 3092 1506 3160 tractanda
1528 3094 1581 3159 vel
1605 3092 1704 3177 res4)
1730 3095 1814 3161 haec
1830 3097 1905 3163 sola
1920 3097 1991 3165 tere
2008 3099 2122 3166 cltecit

308 3221 378 3267 non
403 3199 515 3265 solum
540 3197 724 3286 scriptores
748 3196 808 3263 sed
834 3217 944 3285 paene
968 3202 1092 3285 poetas.

467 3321 602 3389 Deinde
634 3341 716 3387 vero
749 3342 828 3387 curn
864 3320 1148 3388 scholasticorum
1180 3322 1358 3410 proprium
1397 3324 1664 3408 cognoverimus
1702 3326 1853 3393 studium
1886 3324 2037 3391 imitandi
2066 3322 2119 3388 vel

303 3431 457 3501 variandi
489 3428 643 3496 eiusdem
684 3428 790 3509 verbi,
822 3427 976 3494 eiusdem
1010 3429 1199 3495 sententiae
1232 3430 1378 3497 tormam
1418 3433 1451 3495 et
1487 3431 1728 3515 elocutionem,
1769 3432 2036 3496 consentaneum
2069 3430 2120 3494 est

303 3539 507 3627 scriptorum
533 3536 675 3602 huiusce
698 3533 817 3602 aetatis
848 3534 1004 3602 omniurn
1033 3535 1104 3602 lere
1133 3536 1295 3625 loquendi
1328 3536 1495 3603 rationem
1526 3557 1607 3625 prae
1640 3558 1677 3604 se
1708 3538 1795 3602 terre
1824 3554 1926 3624 quam
1958 3532 2121 3616 plurimas

303 3646 563 3726 consensiones,
586 3644 861 3727 communitates
885 3643 1137 3710 similitudines.
1185 3642 1346 3733 Sequitur
1376 3643 1453 3726 iam,
1477 3648 1513 3711 ut
1543 3646 1627 3710 tales
1657 3641 1907 3709 consensiones
1940 3659 2121 3707 emanasse

304 3759 405 3844 atque
438 3750 596 3834 prodisse
629 3770 672 3816 ex
705 3749 882 3817 communi
907 3750 1091 3817 litterarum
1116 3749 1191 3816 eius
1214 3750 1333 3816 aetatis
1356 3749 1458 3832 tonte,
1482 3751 1502 3815 i.
1530 3769 1558 3814 e.
1582 3769 1624 3814 ex
1655 3745 1963 3813 declamationibus
1987 3748 2123 3813 schola·

305 3860 410 3942 sticis,
433 3859 536 3943 vulgo
561 3859 758 3924 statuamus.

466 3983 579 4071 ltaque
617 3981 800 4048 litterarum
839 3985 920 4047 tunc
957 3980 1183 4047 condiciones
1224 3982 1458 4069 spectantibus
1488 4000 1564 4047 eam
1602 3998 1745 4045 necesse
1777 3978 1878 4046 nobis
1907 3983 1959 4047 est
1995 3983 2122 4047 rectam

306 4110 478 4174 unamque
502 4087 686 4156 ineundam
711 4086 920 4175 procedendi
944 4087 1110 4154 rationem
1135 4087 1243 4171 sequi,
1266 4108 1368 4177 quam
1393 4107 1501 4175 nuper
1515 4085 1734 4174 praescripsit
1752 4085 1941 4168 Morawski,
1972 4085 2025 4151 cui
2049 4084 2122 4151 viro

307 4196 508 4265 doctissimo
533 4197 596 4261 hac
620 4195 653 4261 in
678 4215 714 4261 re
739 4193 967 4283 perquirenda
990 4193 1176 4282 plurimum
1209 4215 1263 4261 me
1295 4194 1421 4262 debere
1448 4196 1544 4280 grato
1575 4192 1691 4259 animo
1722 4193 1886 4280 protiteor
1914 4190 2013 4275 (Phil.
2040 4191 2122 4256 1895

307 4326 338 4393 p.
366 4304 456 4389 148);
480 4301 536 4369 die
560 4300 770 4368 rhetorische
795 4298 923 4367 Schule
947 4301 1002 4368 hat
1026 4301 1081 4367 die
1110 4298 1358 4368 Schreibweise
1389 4300 1451 4367 der
1480 4296 1722 4367 Schrittstcller
1751 4299 1894 4367 vieltach
1925 4295 2124 4377 bceinllusst3

305 4432 403 4478 wenn
435 4429 513 4477 man
547 4408 665 4475 diesen
700 4406 889 4475 Gedanken
923 4409 1021 4475 mehr
1053 4409 1260 4495 beherzigen
1291 4409 1412 4490 wollte,
1444 4406 1560 4474 wiirde
1590 4427 1667 4475 man
1693 4408 1726 4473 in
1751 4407 1813 4473 der
1836 4404 2037 4488 Forschung
2058 4402 2123 4468 viel

311 4555 525 4563 —.—-——--..—

467 4618 491 4758 ¹3
510 4619 580 4677 edit.
601 4619 716 4692 Kempt.
736 4636 764 4692 p.
783 4621 862 4675 2103
881 4620 917 4676 cl.
936 4623 1043 4676 20020.

466 4692 479 4729 ²
510 4692 607 4747 Valer.
627 4691 702 4747 Max.
722 4707 750 4763 p.
770 4693 857 4746 7910.

466 4764 478 4800 ³
510 4762 636 4818 Schanz.
656 4763 733 4819 llist.
752 4762 806 4819 litt.
825 4763 909 4822 Rom.
928 4762 960 4818 ll.
979 4766 1005 4818 2.
1025 4779 1054 4834 p.
1073 4763 1126 4816 205
1147 4766 1208 4817 not.
1226 4764 1252 4816 2.
1812 4825 1819 4838 ι
2067 4825 2074 4838 ⁶

465 4836 478 4872 ⁴
510 4838 541 4891 ut
559 4833 678 4890 Valerio
707 4834 835 4890 Maximo
864 4834 991 4890 tortasse
1011 4833 1100 4889 etiam
1122 4832 1225 4889 Curtio
1248 4831 1408 4887 Alexandri
1435 4832 1535 4903 Magni
1555 4848 1604 4888 res
1631 4832 1743 4901 gestas,
1771 4841 1883 4898 quippe
1903 4841 1979 4910 quae
1999 4825 2125 4891 tuennt;

307 4904 499 4961 scholasticis
536 4905 615 4961 haud
644 4922 734 4978 parva
773 4905 895 4962 materia
932 4902 1128 4972 declamandi,
1165 4907 1197 4959 ut
1225 4904 1334 4959 docent
1360 4902 1430 4959 Sen.
1458 4920 1538 4959 suas.
1569 4905 1592 4958 1.
1610 4903 1637 4956 4.
1664 4897 1781 4970 Quinct.
1806 4898 1882 4954 decl.
1911 4914 1982 4953 mrn.
2008 4899 2062 4953 323
2090 4897 2126 4952 cl.

308 4977 480 5032 Morawstri:
506 4976 651 5034 Analecta
670 4976 879 5034 Graeculatina
897 4976 1025 5046 (Kralrau
1048 4976 1128 5046 1893)
1146 4991 1175 5047 ρ.
1194 4977 1238 5030 31.
