4675 5575
1183 322 1203 384 4

439 533 552 619 Quare
590 534 632 603 ad
666 553 738 601 rem
769 532 1042 622 patelaciendum
1078 533 1187 624 ipsius
1212 533 1338 600 utimur
1360 531 1492 600 verbis:
1525 531 1634 601 Contr
1658 533 1669 600 l
1695 535 1800 622 prael.
1815 537 1872 602 12:
1896 536 1963 604 hoc
1984 555 2098 623 genus

278 642 450 726 materiae,
473 663 543 732 quo
568 660 633 708 nos
657 659 868 723 exercemur,
896 641 984 709 adeo
1016 661 1142 709 novum
1168 643 1229 722 est,
1257 642 1292 707 ut
1316 659 1446 707 nornen
1470 659 1610 730 quoque
1632 641 1708 709 eins
1733 661 1859 708 novum
1885 641 1936 710 sit
1961 646 2098 711 contro-

275 747 406 816 versiae
428 767 494 815 nos
519 747 682 829 dicimus;
717 743 840 814 Cicero
873 766 996 815 causas
1018 748 1172 816 vocabat
1218 746 1295 815 lloc
1317 766 1400 814 vero
1424 746 1569 814 alterum
1593 767 1722 815 nomen
1746 746 1919 816 Graecum
1944 749 2097 838 quidem,

277 855 338 923 sed
364 854 398 921 in
423 854 579 923 Latinum
604 853 649 921 ita
672 853 881 936 translatum,
903 858 939 921 ut
961 874 1024 942 pro
1049 853 1166 922 Latino
1191 853 1242 936 sit,
1268 851 1595 940 scholastica1)

440 959 506 1027 llic
536 960 695 1027 conteras
727 958 805 1027 Tac
829 958 909 1026 diol.
932 961 993 1027 35:
1025 960 1139 1049 „ipsae
1161 980 1244 1028 vero
1268 959 1531 1028 exercitationes
1558 980 1684 1047 magna
1707 980 1750 1028 ex
1773 966 1866 1049 parte
1895 962 2097 1044 contrariae,

278 1087 403 1156 nempe
427 1068 520 1135 enim
543 1067 613 1134 duo
646 1085 776 1153 genera
809 1066 1026 1135 materiarum
1051 1067 1143 1156 apud
1171 1068 1327 1135 rhetores
1359 1070 1551 1149 tractantur,
1578 1068 1753 1136 suasoriae
1775 1072 1809 1136 et
1830 1070 2097 1138 controversiae·

278 1194 321 1242 ex
344 1173 399 1243 his
422 1173 597 1241 suasoriae
621 1172 762 1263 quidem
795 1175 957 1261 tanquam
989 1175 1104 1262 paullo
1139 1174 1287 1242 leviores
1320 1177 1353 1242 et
1386 1173 1501 1242 minus
1538 1174 1736 1262 prudentiae
1769 1174 1948 1261 exigentes
1980 1177 2096 1264 pueris

279 1281 487 1368 delegantur,
520 1279 773 1348 controversiae
806 1279 1056 1348 robustioribus
1092 1281 1343 1367 adsignantur“.
1390 1279 1485 1348 llaec
1520 1280 1639 1364 studia,
1666 1281 1757 1349 unde
1788 1282 1856 1350 sint
1885 1287 1958 1350 orta
1989 1302 2097 1372 quan·

279 1388 395 1477 doque
419 1390 453 1455 et
470 1406 538 1476 qua
561 1386 690 1454 ratione
723 1386 902 1474 coeperint
924 1388 1099 1472 celebrari,
1122 1389 1156 1455 hi
1180 1388 1328 1455 doceant
1351 1386 1436 1454 loci:

438 1492 523 1563 Sen.
546 1494 641 1583 praet
669 1493 756 1561 l.l2:
779 1493 999 1561 ...studium
1025 1494 1137 1584 ipsum
1161 1515 1270 1584 nuper
1295 1493 1460 1561 celebrari
1477 1493 1637 1582 coeperit,
1655 1493 1733 1561 ideo
1748 1494 1847 1562 lacile
1867 1499 1920 1563 est
1943 1495 2026 1562 mihi
2052 1497 2095 1564 ab

280 1600 496 1670 incunabulis
520 1620 625 1668 nosse
650 1620 721 1668 rem
748 1603 827 1688 post
850 1620 906 1667 me
930 1606 1053 1669 natam.

440 1706 536 1775 ibid.:
582 1706 657 1795 ipsa
690 1707 893 1775 declamatio
926 1708 1016 1796 apud
1041 1709 1172 1775 nullum
1197 1707 1375 1797 antiquum
1400 1709 1570 1774 oratorem
1594 1711 1671 1775 ante
1696 1705 1935 1794 Ciceroneml)
1960 1713 1993 1776 et
2017 1707 2097 1777 Cal·

279 1835 360 1881 vum
385 1814 561 1882 invenitur.

440 1922 543 2009 prael.
567 1923 598 2004 2,
621 1923 658 1988 5:
683 1921 816 2009 primus
837 1920 993 1987 omnium
1020 1919 1156 1988 Latinus
1180 1922 1294 1989 rhetor
1319 1920 1447 1988 Romae
1470 1921 1532 1987 tuit
1557 1940 1664 2008 puero
1688 1919 1858 1989 Cicerone
1883 1920 2022 1991 Plotius.

440 2028 510 2096 ibid
534 2028 577 2096 de
602 2027 750 2095 Fabiano
774 2029 925 2095 rhetore:
963 2027 1081 2095 habuit
1112 2031 1146 2095 et
1169 2027 1339 2096 Blaudum
1372 2029 1544 2095 rhetorem
1569 2032 1836 2116 praeceptorem,
1858 2028 1917 2116 qui
1943 2029 2095 2118 {primus}

280 2155 389 2225 eques
412 2134 588 2204 Romanus
612 2132 741 2202 Romae
765 2134 889 2202 docuit.
947 2133 1024 2202 lluc
1048 2134 1136 2202 reler
1157 2135 1236 2203 Tac
1260 2135 1339 2203 dial.
1367 2137 1427 2202 35:
1462 2139 1496 2202 at
1519 2154 1610 2202 nunc
1632 2133 1878 2203 adulescentuli
1904 2136 2010 2202 nostri
2037 2136 2097 2203 de·
2164 2209 2168 2219 ,

281 2242 449 2309 ducuntur
473 2241 507 2308 in
531 2259 671 2308 scenam
695 2240 992 2324 scholasticorum,
1011 2240 1070 2330 qui
1087 2241 1242 2310 rhetores
1265 2245 1438 2323 vocantur,
1464 2260 1552 2329 quos
1575 2242 1690 2330 paullo
1713 2246 1791 2309 ante
1815 2239 1995 2309 Ciceronis
2010 2245 2096 2309 tem·

281 2368 367 2436 pora
390 2346 561 2415 exstitisse
585 2398 592 2412 .
614 2397 623 2412 .
645 2398 653 2413 .
679 2346 897 2414 manilestum
923 2352 982 2414 est.

443 2454 547 2542 praet.
570 2455 645 2520 315
669 2452 702 2520 hi
727 2453 921 2541 corruptius
945 2452 1103 2537 iudicant,
1127 2454 1209 2543 {quil
1234 2453 1330 2542 pueri
1350 2454 1420 2521 lere
1443 2457 1500 2521 aut
1525 2452 1666 2521 iuvenes
1692 2454 1807 2521 scolas
1829 2454 2053 2543 frequentant

440 2560 543 2648 prael.
572 2563 646 2627 1011-
666 2559 709 2628 de
733 2560 770 2626 T.
795 2559 962 2628 Labieno:
988 2581 1058 2628 non
1081 2558 1281 2636 admittebat
1304 2561 1480 2648 populum,
1506 2564 1539 2628 et
1561 2560 1640 2649 quia
1664 2560 1816 2627 nondum
1841 2561 1926 2629 hacc
1950 2581 2096 2630 consue-

282 2667 363 2735 tado
387 2671 457 2735 erat
480 2666 647 2734 inducta.
671 2717 679 2733 .
702 2718 709 2732 .
734 2718 741 2733 .

442 2773 546 2862 prael.
569 2776 621 2841 49
645 2773 858 2842 declamabat
882 2772 1041 2841 Haterius
1064 2773 1219 2841 admisso
1244 2774 1373 2862 populo
1397 2776 1609 2861 extempore.

441 2880 584 2967 Vulgata
619 2881 704 2949 haec
738 2880 993 2959 „consuetudo“
1037 2884 1202 2970 quantum
1230 2880 1412 2948 contulerit
1445 2879 1489 2947 ad
1520 2881 1763 2948 scholasticum
1804 2882 1955 2949 studium
1996 2884 2095 2951 latius

282 2985 553 3068 ditiundendum,
577 2986 774 3073 intelligitur
798 2987 905 3055 lacile.
951 2986 1088 3055 Accesit
1112 2987 1192 3055 huic
1216 2986 1341 3054 similis
1364 2988 1462 3071 aliae,
1485 2987 1544 3076 qui
1568 2991 1650 3054 tunc
1673 2988 1858 3055 increbruit
1881 3008 1968 3056 mos.

443 3093 546 3182 prael.
569 3096 620 3161 42
656 3092 766 3161 Pollio
789 3093 929 3161 Asinius
952 3093 1084 3182 primus
1106 3095 1262 3161 omnium
1287 3092 1522 3162 Romanorum
1547 3094 1720 3162 advocatis
1742 3095 1942 3163 hominibus
1971 3097 2097 3185 scripta

281 3219 344 3267 sua
373 3199 524 3267 recitavit
551 3201 607 3287 (ct.
631 3201 733 3287 praet.
754 3202 847 3284 lO.8).
870 3197 967 3283 Quae
991 3220 1080 3268 nova
1102 3221 1166 3283 res,
1190 3201 1223 3267 in
1248 3204 1414 3290 quantum
1439 3206 1518 3288 post
1540 3201 1660 3269 abierlt
1681 3202 1801 3270 aetatis
1827 3201 1987 3284 studium,
2009 3202 2095 3269 vivis

282 3305 456 3373 coloribus
480 3306 581 3373 nobis
604 3306 795 3394 depingunt
817 3307 954 3375 Tacitus
979 3307 1012 3374 in
1036 3307 1114 3374 dial.
1136 3311 1156 3374 9
1181 3310 1213 3376 et
1234 3308 1401 3375 lnvenalis
1424 3307 1482 3396 qui
1509 3307 1581 3392 ipse
1605 3309 1714 3377 luerat
1731 3311 1844 3376 rhetor
1861 3307 2095 3387 scholasticus,

283 3412 316 3478 in
341 3415 401 3481 sat
424 3412 579 3500 septima
626 3412 676 3480 Ex
699 3413 753 3480 his
776 3433 866 3501 quos
885 3413 979 3481 attuli
995 3414 1081 3481 locis
1103 3418 1244 3503 apparet
1267 3414 1452 3502 postremis
1478 3414 1604 3483 liberae
1628 3417 1676 3483 rei
1702 3415 1858 3503 publicae
1882 3414 2095 3503 temporibus

282 3523 395 3586 ortum
419 3538 496 3586 esse
521 3517 649 3587 Romae
672 3520 823 3587 studium
848 3520 1061 3609 elequentiae
1084 3520 1320 3602 scholasticae,
1343 3524 1463 3608 postca
1494 3522 1667 3608 vulgatum
1701 3521 1734 3586 in
1768 3540 1900 3588 morem
1931 3520 2093 3605 abiisse³l

286 3624 367 3693 inde
390 3626 433 3693 ab
457 3625 585 3693 ultimis
608 3625 753 3712 Augusti
778 3625 937 3695 Caesaris
960 3628 1182 3716 temporibus.

444 3730 553 3799 Cuius
577 3733 624 3800 rei
649 3753 737 3822 quae
763 3734 887 3801 luerint
914 3753 1037 3801 causae
1067 3753 1277 3823 quamquam
1313 3733 1472 3802 distincte
1509 3733 1690 3822 exponitur
1725 3733 1939 3823 nunquam‚⁴)
1980 3739 2094 3802 tamen

283 3840 395 3907 elucet
417 3860 435 3908 e
459 3840 546 3907 locis
570 3840 745 3908 nonnullis
767 3841 869 3907 velut.
1411 3866 1414 3871 ·

443 3948 546 4036 prael.
591 3949 638 4015 1.7
671 3949 705 4015 in
739 3948 888 4015 deterius
931 3947 1056 4016 cotidie
1093 3947 1171 4015 data
1204 3966 1260 4014 res
1300 3948 1361 4033 (sc
1394 3946 1553 4014 lacundia
1585 3945 1750 4030 Romana)
1788 3949 1840 4014 est
1871 3946 1943 4015 sive
1991 3950 2095 4015 luxu

284 4057 516 4141 temporum
540 4092 584 4103 -
608 4054 690 4120 nihil
715 4054 806 4121 enim
830 4059 899 4121 tam
923 4054 1134 4121 mortiterum
1167 4052 1316 4139 ingeniis
1339 4072 1443 4142 quam
1469 4053 1601 4120 luxuria
1624 4056 1677 4120 est
1696 4053 1768 4121 sive
1792 4073 1872 4120 cum
1905 4054 2095 4142 praemium

284 4160 534 4246 pulcherrimae
558 4160 606 4227 rei
631 4160 822 4243 cecidisset,
844 4162 1043 4229 translatum
1059 4164 1111 4228 est
1137 4179 1242 4227 omne
1264 4164 1436 4228 certamen
1458 4160 1500 4227 ad
1520 4160 1629 4248 turpia
1653 4162 1759 4228 multo
1783 4161 1915 4228 honore
1938 4166 2096 4249 quaestu·

283 4286 352 4355 que
374 4265 523 4352 vigentia
546 4316 553 4332 .
576 4318 583 4334 .
607 4318 615 4333 .
638 4271 774 4355 torpent
795 4287 877 4336 ecce
902 4267 1039 4355 ingenia
1061 4266 1322 4335 desidiosae
1347 4266 1529 4334 iuventutis
1552 4286 1615 4335 nec
1638 4266 1672 4333 in
1697 4267 1798 4334 unius
1821 4269 2023 4335 honestae
2047 4268 2094 4335 rei

285 4372 400 4441 labore
423 4371 608 4459 vigilatur.“
658 4371 791 4441 Similia
818 4374 925 4442 atlert.

443 4478 518 4548 'lac
540 4480 618 4548 dial.
641 4483 683 4548 28
716 4480 795 4570 quis
829 4483 920 4549 enim
953 4482 1086 4569 ignorat
1114 4485 1147 4549 et
1174 4480 1404 4569 eloquentiam
1438 4484 1471 4547 et
1493 4482 1624 4548 ceteras
1646 4484 1736 4549 artes
1759 4479 1948 4547 descivisse
1971 4480 2015 4547 ab
2039 4480 2095 4548 illa

282 4591 396 4654 vetere
411 4587 522 4674 gloria
533 4608 603 4655 non
627 4587 744 4676 inopia
767 4589 956 4671 hominum,
979 4587 1040 4655 sed
1065 4587 1227 4656 desidia
1251 4587 1473 4655 iuventutis
1496 4638 1504 4653 .
1527 4638 1535 4654 .
1557 4591 1590 4655 et
1612 4587 1786 4655 oblivione
1811 4587 1919 4654 moris
1942 4586 2095 4676 antiqui?

446 4733 455 4769 ¹
486 4730 524 4786 de
542 4729 627 4787 verbi
640 4730 729 4786 huius
748 4729 863 4801 origine
883 4745 918 4786 ac
934 4728 963 4785 vi
981 4729 1124 4786 disseruit
1144 4730 1218 4790 Klee
1237 4728 1267 4783 in
1286 4744 1386 4801 progr.
1406 4727 1591 4785 Ostronensi
1609 4728 1705 4800 (1877)
1723 4743 1753 4799 p.
1771 4730 1798 4783 8.
1817 4744 1883 4800 sqq.

445 4802 458 4840 ²
489 4800 553 4859 Cic.
573 4801 653 4858 Brut
673 4805 740 4858 310:
777 4801 999 4858 commentabar
1018 4799 1216 4858 declamitans
1234 4832 1270 4842 -
1288 4800 1334 4856 cic
1353 4798 1433 4856 enim
1452 4816 1532 4858 nunc
1551 4801 1579 4856 lo
1602 4802 1718 4856 uantur.

487 4872 555 4930 Tac
574 4873 644 4930 dial.
661 4876 697 4929 28
716 4888 792 4945 quae
811 4873 889 4928 mala
908 4872 1035 4956 primum
1055 4871 1085 4927 in
1104 4872 1179 4928 urbe
1199 4875 1276 4941 nata,
1295 4886 1364 4927 mox
1383 4886 1438 4943 per
1457 4870 1569 4928 ltaliam
1620 4886 1663 4939 sa,
1681 4870 1739 4925 ianr
1750 4867 1780 4924 in
1790 4869 1959 4942 provincias
1969 4876 2097 4930 manant

444 4947 456 4983 ⁴
487 4943 556 5002 ideo
576 4945 646 5017 quia
664 4944 720 5001 sub
739 4943 858 5001 Tiberio
877 4943 1021 5017 prmcipe,
1040 4959 1107 5000 cunr
1127 4943 1222 5000 edidit
1240 4958 1317 5016 opus
1337 4941 1454 4999 Seneca
1473 4947 1575 5015 aperte
1595 4940 1676 5013 loqui
1695 4943 1759 4997 erat
1774 4940 1987 5015 periculosum.
