4675 5575
1097 370 1135 435 19

309 586 395 653 Flor.
429 586 460 666 2,
489 586 520 667 9,
549 586 585 650 6;
629 580 774 649 Marium
805 580 999 649 cruribus
1027 580 1214 649 effractis
1244 584 1414 649 servatum
1442 577 1661 666 aliquamdiu,
1689 582 1725 646 ut
1755 598 1816 667 per
1845 579 2022 667 singula

419 689 597 758 membra
621 690 822 756 moreretur.

366 797 406 865 Et
438 794 590 865 Senecae
619 798 653 863 et
681 793 770 862 Plori
806 793 903 861 locos
934 812 1004 860 non
1033 796 1126 861 recto
1158 792 1287 864 itinere.
1310 813 1330 861 e
1354 791 1516 861 Sallustio
1543 790 1684 859 lluxisse
1712 791 1773 860 sed
1799 812 1818 860 e
1841 792 2022 860 scholasti·

201 925 325 973 corum
353 902 512 985 ollicinis,
543 899 812 969 controversiam
847 897 1000 968 Senecae
1027 903 1077 982 10,
1103 903 1124 967 4
1155 900 1344 989 perlegenti
1375 904 1476 990 atque
1506 898 1693 967 conterenti
1725 899 1814 966 ultro
1845 898 2021 967 obveniet:

203 1011 363 1080 conteras
385 1010 440 1077 vel
464 1007 624 1077 Cassium
649 1004 817 1076 Severum
841 1005 1094 1076 describentem
1119 1006 1355 1075 crudelitatem
1379 1006 1463 1089 eius,
1489 1006 1548 1096 qui
1572 1005 1700 1074 liberos
1722 1006 1902 1094 expositos
1926 1004 2022 1073 debi-

205 1119 371 1187 litaverat:
388 1115 487 1200 „huic
519 1114 675 1182 convulsi
706 1113 835 1203 pedum
859 1114 989 1182 articuli
1013 1117 1093 1182 sunt
1115 1115 1149 1181 61
1171 1113 1248 1181 torti
1272 1113 1339 1196 tali,
1361 1113 1442 1181 huic
1464 1112 1550 1180 elisa
1573 1131 1703 1180 crura
1728 1162 1736 1178 .
1758 1164 1766 1180 .
1789 1163 1796 1178 .
1821 1112 1865 1180 ita
1887 1112 2022 1199 tranga·

204 1228 266 1308 tur,
290 1227 325 1291 ut
347 1223 453 1290 humo
476 1242 515 1290 se
538 1220 695 1289 adlevare
726 1240 797 1288 non
826 1220 944 1310 possit,
972 1220 1034 1289 sed
1063 1219 1192 1309 pedum
1222 1239 1482 1309 crurumque
1515 1218 1675 1287 resolutis
1702 1218 1868 1287 vertebris
1895 1221 2022 1307 reptet‘

204 1331 257 1398 vel
280 1327 417 1397 Vibium
443 1326 580 1396 Gallum
605 1327 671 1413 (10,
685 1330 715 1410 4,
738 1327 772 1413 3)
801 1326 867 1410 „illi
892 1326 1066 1415 praccisas
1092 1346 1225 1409 manus,
1253 1326 1299 1393 illi
1328 1329 1443 1394 erutos
1466 1326 1597 1406 oculos,
1626 1324 1687 1392 illi
1711 1326 1869 1393 tractos
1893 1325 2020 1414 pedes

203 1436 356 1502 ...tot
384 1434 557 1500 membra
579 1433 846 1519 tranguntur,
870 1435 911 1498 ut
933 1451 1052 1499 unum
1075 1435 1264 1500 ventrem
1290 1432 1522 1521 impleant.“

364 1536 499 1623 Quibus
522 1538 608 1606 locis
624 1537 828 1606 adducimur
853 1538 920 1605 iam
945 1538 988 1605 ad
1012 1538 1102 1606 aliad
1126 1540 1326 1628 exemplum
1351 1538 1623 1608 celeberrimum.

897 1718 927 1783 4.
973 1716 1025 1783 (16
1053 1714 1092 1783 C.
1125 1716 1274 1784 Mario.

365 1855 405 1926 C.
436 1855 535 1924 Marii
570 1855 638 1924 vita
677 1856 894 1945 comprobari
930 1859 1019 1926 solet
1049 1859 1148 1927 locus
1178 1858 1221 1928 de
1255 1860 1414 1927 varietate
1437 1859 1593 1927 tortunae
1614 1859 1726 1949 „quod
1750 1859 1871 1925 consul
1894 1858 2020 1927 totiens

204 1965 302 2033 exsul
326 1964 439 2053 deque
463 1964 582 2031 exsule
605 1963 745 2031 consul‘
768 1963 896 2043 <Marii
920 1967 950 2047 4,
973 1964 1030 2050 46)
1053 1986 1178 2064 ,quem
1201 1966 1230 2033 si
1255 1965 1342 2034 inter
1366 1965 1512 2034 miseros
1536 1965 1704 2055 posueris,
1736 1964 1958 2047 miserrimus,
1991 1965 2021 2032 si

156 2085 158 2089 ·
205 2072 292 2139 inter
314 2069 442 2153 telices,
463 2069 685 2137 felicissimus
709 2070 914 2158 6666616166κ
937 2070 1020 2157 (Val.
1043 2071 1125 2139 Mar.
1144 2076 1175 2156 6,
1198 2075 1229 2157 6,
1255 2072 1318 2158 14).
1328 2073 1353 2159 1)

363 2176 414 2243 Ex
434 2176 537 2245 variis
560 2175 657 2243 Marii
679 2175 975 2245 vicissitudinibus
1007 2178 1095 2247 duae
1129 2179 1351 2268 potissimum
1385 2199 1440 2248 res
1469 2180 1618 2249 disertos
1655 2178 1801 2247 reddunt
1834 2177 2020 2267 scriptores

202 2283 441 2365 scholasticos,
463 2303 504 2351 ac
528 2283 639 2372 primo
662 2282 803 2368 quidem
829 2283 949 2371 ,palus
973 2289 1006 2352 et
1028 2304 1145 2353 carcer
1167 2286 1446 2355 Mintumensis“.

365 2389 415 2456 Ex
438 2389 489 2471 iis,
512 2408 599 2478 quae
623 2388 709 2476 ipsis
732 2388 846 2455 verbis
870 2389 995 2457 similia
1018 2392 1243 2478 proteruntur,
1266 2397 1346 2462 sunt
1368 2394 1466 2461 haec:

310 2494 393 2562 Vell.
414 2496 445 2560 2.
472 2497 519 2561 19.
542 2496 576 2560 2:
603 2492 729 2562 Marius
754 2494 868 2562 nudus
891 2497 925 2562 et
947 2495 1030 2562 limo
1053 2498 1197 2566 obrutus
1219 2499 1330 2567 oculis
1359 2499 1599 2567 tantummodo
1627 2517 1667 2567 ac
1698 2498 1837 2566 naribus
1867 2497 2020 2565 eminen-

417 2600 509 2668 tibus
531 2603 745 2669 extractus
769 2601 996 2670 harundineto
1021 2603 1111 2671 circa
1134 2604 1342 2692 paludem
1366 2605 1522 2689 Maricae,
1545 2606 1580 2673 in
1604 2624 1707 2695 quam
1731 2625 1769 2674 se
1792 2605 1927 2692 lugiens
1950 2656 1958 2671 .
1982 2656 2019 2670 ..

416 2706 603 2775 abdiderat
1009 2764 1015 2772 .

310 2814 380 2881 Val.
403 2817 433 2897 8,
456 2817 486 2881 2.
509 2818 543 2881 3:
566 2814 711 2882 Marium
735 2834 843 2883 caeno
867 2816 1051 2905 paludis,
1077 2839 1145 2903 qua
1168 2823 1380 2888 extractus
1403 2823 1482 2903 erat,
1503 2820 1647 2888 oblitum
1669 2871 1677 2886 .
1699 2871 1736 2887 ..

312 2917 390 2987 Sen.
413 2925 519 2989 contr.
542 2924 572 3004 7,
594 2924 625 3004 2,
648 2924 668 2988 6
692 2919 917 3010 (Capitonislz
940 2922 1187 2994 Minturnensis
1210 2928 1333 3015 palus
1357 2928 1494 2996 exulem
1517 2926 1663 2995 Marium
1687 2946 1757 2993 non
1780 2925 1901 2993 hausit

312 3025 390 3095 Sen.
413 3029 519 3117 epigr.
542 3031 594 3112 25,
618 3032 660 3097 33
683 3029 799 3115 (Riese
823 3030 834 3096 l
858 3031 933 3113 415,
956 3032 1013 3116 33)
1037 3051 1118 3120 spes
1133 3032 1279 3100 Marium
1304 3034 1419 3116 movit,
1441 3033 1529 3122 turpi
1554 3052 1592 3100 se
1616 3032 1757 3100 credere
1781 3031 1889 3098 limo.

306 3134 379 3221 Juv.
407 3138 454 3218 10,
477 3138 556 3203 216τ
579 3137 718 3204 exilium
742 3141 775 3204 et
803 3157 920 3205 carcer
942 3136 1256 3230 Minturnarumque
1280 3140 1434 3228 paludes.

312 3237 391 3309 Sen.
415 3262 442 3309 6.
467 3243 496 3324 1,
519 3244 549 3325 2,
573 3245 602 3310 6.
648 3242 791 3312 Cimber
813 3244 915 3311 etiam
939 3244 973 3310 in
995 3248 1094 3333 capto
1117 3246 1202 3313 vidit
1224 3245 1460 3336 imperantem.

311 3348 351 3415 61.
374 3347 444 3416 Val.
468 3350 497 3432 2,
526 3352 573 3431 10,
596 3352 626 3417 6.
672 3348 901 3437 Symmachus
933 3371 980 3419 or.
1013 3356 1037 3435 l,
1060 3354 1089 3419 5.
1125 3373 1204 3420 cum
1229 3352 1430 3421 ...virum
1458 3355 1529 3419 toto
1560 3352 1643 3419 orbe
1677 3351 1841 3419 victorem
1877 3349 2018 3417 Mintur-

418 3454 536 3522 nensis
560 3475 676 3523 carcer
698 3455 890 3524 includeret
912 3508 920 3524 .
942 3507 950 3524 .
973 3509 980 3524 .

181 3598 184 3603 ·
310 3561 422 3647 Magis
441 3582 598 3650 quoquae
627 3562 845 3630 consentiunt
855 3584 1101 3654 nonnunquam
1116 3565 1169 3633 vel
1187 3567 1406 3633 verbotenus
1422 3565 1527 3633 iidem
1540 3564 1725 3653 scriptores
1740 3563 1773 3630 in
1789 3562 2018 3631 describendo

417 3667 514 3736 Marii
539 3667 643 3736 exilio
667 3668 701 3735 in
725 3668 834 3737 ruinis
858 3667 1076 3757 Carthaginis
1099 3672 1268 3759 vagantis:

311 3769 434 3860 Capito
457 3794 509 3863 ap.
533 3772 612 3842 Sen.
634 3778 739 3843 contr.
763 3777 793 3857 ’1,
815 3778 845 3859 2,
867 3778 901 3843 b:
925 3780 1060 3864 praetor
1082 3829 1089 3844 .
1113 3830 1121 3845 .
1145 3778 1204 3867 qui
1229 3778 1263 3846 in
1288 3778 1502 3868 crepidine
1525 3778 1655 3846 viderat
1682 3776 1837 3859 Marium,
1867 3776 1901 3843 in
1934 3777 2018 3843 sella

417 3879 583 3966 figuravit.

309 3984 425 4052 Manil.
448 3989 477 4067 4,
499 3990 557 4054 48;
585 4008 605 4055 6
628 3988 921 4078 crepidinibus
944 3990 1035 4079 cepit
1058 3988 1276 4078 Carthaginis
1299 4011 1406 4059 arces.

311 4090 571 4160 11616.Μαί666.
599 4098 624 4177 l,
647 4097 680 4161 3:
703 4094 810 4178 vides,
834 4098 870 4162 ut
892 4096 934 4163 ad
959 4097 1222 4186 crepidinem
1246 4098 1377 4165 dirutae
1400 4095 1617 4184 Carthaginis
1640 4096 1802 4184 fugitivus
1824 4094 1973 4163 accedat

309 4197 444 4281 116112,
473 4201 520 4281 19,
543 4202 577 4266 4:
601 4208 680 4268 cum
704 4201 833 4269 Marius
857 4202 1081 4291 aspiciens
1111 4202 1366 4292 Carthaginem,
1389 4204 1446 4272 1116
1475 4204 1611 4272 intuens
1637 4203 1791 4284 Marium,
1813 4201 1896 4269 alter
1920 4197 2016 4266 alteri

417 4310 560 4394 possent
581 4327 659 4375 esse
682 4308 840 4376 solatio.

310 4411 409 4478 Anth.
432 4412 485 4479 lat
508 4411 638 4498 (Riese)
663 4414 674 4481 l
698 4416 772 4497 416,
794 4418 850 4482 31;
873 4415 930 4483 1116
954 4416 1038 4499 dies,
1062 4437 1131 4506 quo
1154 4417 1300 4485 Marium
1323 4416 1407 4484 vidit
1428 4437 1531 4506 supra
1554 4414 1727 4505 Carthago
1752 4416 1963 4484 iacentem.

312 4518 439 4587 Lucan:
486 4518 602 4588 Phars.
624 4523 654 4603 2,
676 4524 728 4589 91.
773 4522 933 4590 3616116
956 4522 1013 4590 lati
1037 4520 1211 4611 Carthago
1250 4523 1445 4615 Mariusque
1482 4524 1557 4593 tulit
1594 4525 1786 4613 pariterque
1823 4522 2015 4593 iacentes

416 4626 579 4713 ignovere
599 4626 683 4695 deis.
1052 4629 1057 4643 '

309 4730 425 4800 Minal.
448 4737 478 4817 4,
501 4737 559 4801 47:
604 4735 726 4802 consul
749 4735 897 4804 adiacuit
921 4735 1055 4824 Libycis
1079 4756 1223 4826 compar
1245 4736 1372 4806 iactura
1394 4738 1510 4806 ruinis.

364 4908 386 4978 1)
405 4908 442 4964 61.
460 4908 598 4966 Norden:
617 4910 797 4968 varroniana
812 4910 852 4967 M.
870 4911 924 4972 Rh.
947 4914 1015 4969 lsss
1033 4929 1063 4987 p.
1081 4915 1148 4981 5413
1178 4912 1302 4970 Mtiller:
1321 4913 1426 4971 Philol.
1443 4917 1488 4986 62,
1498 4933 1527 4989 p.
1535 4917 1580 4972 64.
1606 4914 1633 4971 Α
1651 4914 1842 4973 scholasticis
1861 4916 2013 4986 declama·

202 4979 289 5037 batur
308 4979 347 5036 de
372 4979 481 5049 ,milite
499 4979 661 5039 Marianots
678 4981 796 5055 Quinct
815 4983 892 5041 decl.
912 4984 979 5042 mai.
997 4986 1015 5041 3
1034 4985 1071 5041 61.
1090 4985 1153 5042 Val.
1171 4984 1293 5057 Marco,
1315 4988 1338 5057 l,
1359 4987 1391 5045 12
1411 4984 1473 5043 Cic
1492 5004 1524 5060 p.
1543 4986 1604 5043 Mil.
1621 4989 1648 5043 9.

1905 5075 1941 5137 3*
