4675 5575
1047 352 1209 450 ,Alfi
1246 445 1258 449 „

294 565 481 655 procedere
536 583 604 631 non
657 567 777 652 potest,
885 560 972 630 Sen.
996 563 1118 650 prael.
1147 567 1170 629 l.
1197 565 1233 629 7:
1258 615 1265 628 .
1287 615 1294 629 .
1319 565 1373 630 lex
1398 567 1461 645 cst,
1484 568 1519 630 ut
1542 565 1584 632 ad
1610 565 1965 653 surnmumperducta
1987 582 2059 633 rur·

293 671 450 740 recedit.
474 723 541 738 ...
991 690 1050 737 sus
1084 670 1126 738 ad
1161 669 1318 736 intimum
1354 671 1507 738 velocius
1530 670 1670 755 quidem
1695 692 1797 760 quam
1821 674 2055 756 ascenderant,

289 779 441 847 studium
461 799 541 845 cum
562 798 624 867 spe
641 797 777 846 senes·
991 777 1192 844 relabantur.

292 887 358 968 cit,
381 890 414 953 et
435 884 527 974 quod
545 884 682 969 assequi
707 905 775 952 non
883 881 1048 950 Albucius
1085 880 1178 949 Silus
1216 903 1268 971 ap.
1306 881 1394 949 Sen.
1425 904 1451 950 s.
1480 887 1489 949 l
1519 887 1552 950 3:
1598 883 1764 969 quidquid
1801 885 1843 952 ad
1882 905 2056 952 summum

291 997 404 1081 potest
427 991 524 1076 sequi
547 990 710 1075 desinit1)
991 989 1152 1077 pervenit,
1177 989 1445 1057 incremento
1470 1010 1539 1056 non
1563 990 1698 1079 reliquit
1721 992 1867 1058 locum.

884 1094 976 1162 Sen.
998 1096 1047 1183 ph
1062 1095 1140 1162 ilc.
1165 1095 1213 1163 ad
1238 1095 1354 1163 Marc.
1378 1099 1427 1163 28
1451 1095 1616 1184 quidquid
1639 1098 1681 1164 ad
1706 1117 1880 1165 summum
1897 1097 2058 1181 pervenit,

988 1201 1032 1268 ad
1057 1202 1185 1268 exitum
1211 1222 1319 1290 prope
1348 1206 1408 1283 est,
1441 1222 1520 1269 nam
1546 1203 1603 1268 ubi
1629 1203 1841 1271 incremento
1866 1205 1963 1271 locus
1988 1224 2056 1271 non

989 1311 1049 1389 est,
1072 1308 1207 1374 vicinus
1231 1328 1378 1376 occasus
1402 1313 1461 1375 est

885 1411 1033 1481 Celsus
1056 1414 1100 1480 dc
1125 1414 1214 1481 med.
1237 1414 1263 1480 ll
1288 1418 1322 1480 2:
1369 1414 1450 1503 quia
1481 1435 1592 1499 neque
1623 1415 1656 1480 in
1688 1416 1812 1483 eodem
1837 1417 1953 1484 habitu
1977 1418 2058 1485 sub·
2124 1411 2128 1418 ’

990 1520 1110 1587 sistere
1135 1541 1247 1605 neque
1273 1521 1358 1588 ultra
1387 1521 1547 1609 progredi
1573 1526 1727 1610 possunt,
1751 1524 1821 1591 lere
1845 1528 1934 1591 retro
1958 1522 2057 1614 quasi

991 1626 1087 1693 ruina
1112 1626 1260 1711 quadem
1285 1629 1512 1694 revolvuntur.

885 1733 1037 1822 Calpurn
1061 1733 1212 1802 Flaccus.
1235 1734 1319 1802 decl.
1338 1738 1372 1801 8:
1398 1734 1554 1802 nesciunt
1568 1740 1656 1803 stare
1673 1757 1856 1804 successus
1871 1742 1904 1804 et
1922 1739 2057 1827 quoties

994 1839 1131 1928 prodire
1155 1840 1300 1907 felicitas
1323 1861 1393 1907 non
1417 1845 1538 1930 potest,
1562 1841 1656 1908 redit.
1681 1874 1721 1900 =

410 2712 503 2779 llaec
526 2713 596 2779 iere
621 2713 732 2796 habui,
755 2732 841 2802 quae
866 2730 1039 2801 exponere
1068 2711 1190 2776 vellem
1215 2709 1257 2776 de
1281 2710 1433 2798 priorum
1453 2705 1635 2798 argenteae
1659 2713 1829 2781 latinitatis
1853 2714 2056 2799 scriptorum

242 2820 370 2887 studiis
394 2820 618 2903 scholasticis,
640 2822 807 2910 quatenus
830 2820 997 2907 pertinent
1019 2817 1061 2884 ad
1086 2816 1228 2884 eusdem
1259 2818 1310 2884 vel
1342 2819 1389 2883 rel
1413 2820 1465 2885 vel
1496 2821 1686 2905 argumenti
1715 2821 1965 2888 consensiones
1990 2843 2058 2904 eas,
2125 2904 2127 2909 .

245 2947 335 3017 quae
359 2928 411 2994 vel
435 2927 558 2994 iisdem
581 2928 634 2994 vel
659 2926 828 2993 similibus
850 2925 964 2992 verbis
986 2942 1170 3012 expressae
1195 2928 1381 2989 occurrant.

408 3033 519 3118 Quam
544 3054 655 3101 rerum
679 3033 929 3121 verborumque
952 3049 1173 3098 communem
1197 3029 1368 3118 quandam
1394 3030 1575 3097 litterarum
1600 3031 1752 3119 speciem
1777 3033 1859 3099 nihil
1879 3034 1949 3101 lere
1974 3055 2058 3102 con-

244 3142 334 3208 terre
358 3141 400 3207 ad
424 3140 655 3229 exquirendos
678 3158 718 3206 ac
742 3159 803 3225 pro
821 3142 913 3205 certo
930 3136 1129 3204 statuendos
1143 3135 1358 3222 singulorum
1373 3137 1588 3225 scriptorum,
1612 3138 1735 3226 quibus
1752 3140 1924 3206 hauserint
1946 3141 2058 3209 tontes

247 3247 504 3315 demonstrasse
527 3246 556 3313 si
580 3245 707 3326 videor,
731 3244 1017 3332 disputatiuncula
1041 3263 1117 3310 mea
1139 3241 1232 3326 quod
1256 3243 1348 3310 volui
1373 3244 1482 3311 elleci.

408 3354 584 3434 facultate,
607 3371 694 3436 quae
718 3349 1000 3445 quodliberaliter
1023 3350 1136 3417 oblata
1165 3350 1247 3415 mihi
1266 3354 1318 3416 est
1332 3350 1474 3436 gratiam
1492 3351 1611 3434 habeo,
1623 3352 1770 3419 otiorum
1796 3372 1951 3419 meorum
1976 3375 2056 3442 pro-

246 3460 377 3528 terendi
413 3460 468 3526 hic
491 3461 619 3526 tructus
657 3458 778 3524 iterum
807 3458 885 3524 data
908 3457 1076 3523 disserere
1101 3456 1184 3523 mihi
1221 3456 1264 3523 de
1300 3477 1393 3524 mera
1432 3458 1603 3525 sermonis
1640 3460 1749 3525 torma
1790 3458 1862 3525 sive
1907 3459 2056 3529 dictione

244 3566 451 3634 scholastica
474 3586 514 3633 ac
529 3565 677 3653 primum
693 3562 832 3652 quidem
857 3565 900 3631 de
923 3563 1104 3630 verborum
1125 3583 1370 3652 sensuumque,
1389 3564 1513 3632 deinde
1536 3565 1579 3632 de
1607 3566 1793 3651 figurarum
1810 3585 1899 3653 quae
1923 3571 2056 3648 exstant

248 3672 530 3739 similitudinibus
555 3672 587 3738 in
612 3671 728 3739 animo
752 3675 811 3738 est.

408 4914 429 4983 1)
449 4913 485 4968 cl.
512 4912 629 4984 Quinct
657 4912 723 4967 inst
751 4928 793 4967 or.
812 4914 837 4971 2.
851 4915 877 4966 5.
899 4913 939 4967 10.
957 4910 1024 4967 Tac.
1044 4910 1111 4966 dial.
1134 4912 1165 4965 18
1185 4910 1302 4966 Petron.
1330 4913 1366 4965 88
1394 4909 1513 4965 Lucian.
1532 4911 1568 4965 de
1589 4909 1665 4965 subl.
1684 4911 1728 4963 44.
1745 4912 1763 4963 6
1783 4908 1902 4964 Norden
1923 4907 1941 4963 l.
1961 4909 1978 4962 l.
1998 4906 2008 4962 l
2027 4924 2056 4980 p.

245 4985 300 5043 245
319 4982 473 5040 Morawslii
492 4983 551 5040 Eos
570 4984 593 5039 ll
611 5001 640 5056 p.
662 4986 719 5038 10.:
741 4982 904 5051 ,eiusmodi
924 4982 1167 5054 quaestiunculae
1188 4983 1345 5038 multorum
1365 4981 1415 5037 illo
1435 4985 1569 5054 tempore
1589 4983 1771 5055 occuparunt
1790 4980 1929 5036 animos.“
