4675 5575
394 518 545 584 controv.
581 517 611 599 7,
643 520 669 600 1,
699 518 755 584 27;
824 515 963 585 Cestius
994 569 1002 585 .
1031 536 1142 584 ,6616
1173 537 1211 584 36
1242 515 1286 584 66
1323 515 1547 585 imitationem
1586 519 1703 607 magni
1738 520 1884 590 alicuius
1920 522 2051 611 ingenii

235 620 441 690 direxerat.
465 672 473 689 .
494 671 502 688 .
524 621 709 691 Montanus
730 623 843 691 aiebat
866 623 961 691 illum
992 622 1116 691 imitari
1145 622 1297 691 voluisse
1324 622 1462 711 Vergilii
1485 624 1752 714 descriptionem
1777 678 1785 694 .
1808 678 1816 694 .
1838 678 1847 694 .
1870 677 1878 694 .
1900 628 2052 717 Vergilio

234 727 459 797 imitationem
490 728 578 797 bene
608 729 767 811 cessisse,
796 729 855 820 qui
880 729 956 798 illas
985 729 1136 819 optimos
1162 749 1286 798 versus
1309 728 1471 799 Varronis
1498 731 1725 820 expressisset
1753 733 1787 801 16
1817 734 1941 803 1661163
1963 786 1972 802 .
1994 787 2002 803 .
2026 742 2053 801 .“

236 832 285 902 Ex
307 834 459 923 Vergilio
481 834 607 903 deinde
631 833 775 904 Ovidius
798 836 946 924 sumpsit
968 836 1120 904 eundum
1144 855 1298 919 sensum,
1322 835 1366 904 ila
1389 840 1426 904 ut
1448 836 1636 906 Varronem
1659 837 1840 927 Vergilius,
1862 840 2051 929 Vergilium

235 939 374 1010 Gridius
397 945 430 1010 et
454 939 594 1010 Cestius
617 941 652 1010 in
676 943 798 1010 eadem
822 962 859 1010 re
881 943 989 1011 secuti
1009 941 1086 1011 sint
1120 941 1226 1010 Porro
1247 943 1421 1011 conteras:

395 1070 502 1134 contr.
525 1067 556 1149 2,
579 1069 609 1150 6,
635 1069 770 1135 131661
794 1067 838 1135 ab
862 1066 1026 1135 omnibus
1050 1067 1177 1136 dictam
1201 1066 1379 1136 celerrime
1403 1065 1563 1155 Syriacus
1586 1068 1713 1137 Vallius
1737 1069 1830 1138 dixit.

446 1224 464 1256 „
531 1176 556 1257 l,
578 1176 608 1256 4,
636 1177 683 1241 11.
729 1172 765 1241 Ρ.
786 1172 941 1242 Vinicius
964 1173 1112 1262 sumpsit
1133 1174 1177 1243 ab
1200 1173 1363 1242 omnibus
1387 1174 1475 1243 bene
1498 1174 1598 1243 diets

447 1330 465 1362 „
530 1282 577 1363 10,
601 1281 631 1362 5,
654 1283 706 1347 20.
730 1279 861 1348 Damas
884 1280 1143 1369 corruptissime
1166 1280 1251 1348 dixit
1273 1280 1476 1349 sententiam
1500 1279 1677 1369 Glyconis

446 1437 464 1470 ,
528 1387 610 1469 7,6,
638 1389 686 1456 16.
732 1384 893 1455 Η6161163
914 1387 1013 1455 vertit
1034 1386 1238 1456 sententiam
1264 1387 1430 1476 Hybreae.

561 1492 619 1560 ibd
729 1493 851 1561 Fabius
874 1492 1044 1562 Maximus
1067 1493 1328 1562 circumlerebal
1352 1493 1504 1561 nobilem
1529 1493 1698 1583 {disponis
1721 1496 1938 1565 sententiam.

447 1649 464 1681 ‚,
527 1602 575 1681 10,
603 1602 629 1682 1,
657 1602 708 1665 14;
732 1598 887 1668 Latronis
915 1600 990 1668 illas
1019 1600 1299 1668 sententias...
1328 1620 1416 1689 quae
1446 1621 1584 1670 summa
1613 1601 1792 1670 hominum
1823 1603 2054 1673 admiratione»

731 1704 1066 1775 circumlerebantur.

446 1863 463 1896 „
524 1814 553 1895 7,
576 1816 607 1896 6,
634 1815 682 1880 15.
727 1812 804 1881 Vari
829 1811 969 1881 Gemini
993 1812 1207 1896 sententiam,
1229 1833 1317 1901 quae
1340 1813 1439 1882 valde
1463 1815 1662 1883 circumlata
1685 1819 1746 1884 est

446 1970 464 2002 „
523 1921 552 2000 7,
575 1921 606 2002 6,
633 1921 680 1986 19.
725 1917 855 1988 Gavius
877 1915 1048 1987 Sabinus.
1067 1921 1223 1988 .ethauc
1239 1918 1442 1987 sententiam
1459 1919 1592 2003 adiecit,
1612 1941 1701 2012 quae
1714 1922 1813 1992 valde
1832 1927 1975 2013 excepta
1989 1931 2056 1993 631.

447 2077 465 2109 ,,
526 2027 556 2108 7,
578 2027 609 2108 6,
632 2028 717 2093 24..
734 2045 876 2094 3663661
899 2025 1091 2112 elegantem
1117 2030 1149 2093 et
1172 2026 1215 2094 ab
1238 2024 1400 2093 omnibus
1423 2025 1593 2095 iactahrm.

446 2183 464 2218 „
529 2135 555 2214 1,
577 2133 607 2215 7,
635 2135 683 2199 13.
730 2132 883 2201 Blandus
905 2182 913 2199 .
936 2182 944 2198 .
966 2129 1096 2200 Silonis
1119 2152 1262 2201 sensum
1287 2132 1321 2199 16
1345 2131 1491 2200 ironiam
1515 2134 1620 2201 vertit

395 2236 473 2322 Quo
497 2238 541 2306 sit
563 2238 755 2326 promptior
775 2258 816 2307 ac
839 2237 970 2306 lacilior
994 2237 1145 2321 imitatio,
1175 2242 1255 2306 sunt
1281 2238 1339 2329 qui
1370 2239 1565 2310 scholastici
1596 2242 1842 2331 explicationes
1873 2241 2046 2309 rhetorum

235 2347 403 2413 clarorum
428 2346 559 2413 soleant
582 2344 746 2413 ediscere.

394 2455 499 2519 contr.
527 2454 575 2534 10,
597 2455 628 2533 4,
650 2453 706 2518 25;
731 2450 765 2519 P.
788 2451 941 2519 Vinicius
968 2501 976 2517 .
1004 2502 1012 2517 .
1045 2453 1137 2519 hunc
1166 2451 1278 2520 aiebat
1315 2471 1457 2520 sensum
1495 2453 1721 2522 disertissime
1751 2454 1842 2543 apud
1873 2455 2047 2524 Nasonem

725 2556 886 2627 Ovidium
911 2577 989 2625 esse
1013 2558 1174 2646 positum,
1203 2579 1323 2647 quem
1354 2558 1402 2626 ad
1432 2559 1659 2647 tingendas
1688 2562 1857 2629 similes
1887 2565 2055 2630 senten·v

727 2665 807 2734 tias
825 2665 966 2733 aiebat
989 2664 1188 2733 memoria
1211 2666 1442 2734 tenendum.

445 2824 464 2856 „
524 2775 554 2856 2,
599 2775 629 2855 2,
673 2775 709 2840 8:
733 2772 898 2857 Latronis,
916 2771 1011 2862 quod
1034 2771 1230 2841 scholastici
1253 2772 1351 2863 quasi
1370 2793 1508 2843 carmen
1533 2773 1729 2843 didicerant
1751 2825 1788 2843 ..

446 2931 464 2963 „
525 2881 628 2968 prael.
652 2882 681 2963 3,
709 2879 886 2947 151116163
917 2882 979 2965 (sc
1010 2877 1133 2962 Cestii)
1166 2878 1436 2947 declamationes
1472 2880 1631 2949 ediscunt
1666 2881 1724 2970 qui
1763 2882 1860 2970 pueri
1891 2882 1961 2949 lere
1992 2885 2050 2949 aut

790 2987 932 3054 iuvenes
955 2987 1093 3054 scholas
1116 2985 1339 3075 trequentant

394 3090 473 3161 Sen.
497 3093 577 3182 phil.
601 3113 654 3182 ep.
678 3112 763 3160 mor.
786 3095 816 3174 4,
838 3096 868 3175 4,
891 3095 925 3159 h:
949 3092 1028 3160 ideo
1052 3091 1168 3180 pueris
1192 3093 1377 3162 sententias
1400 3094 1605 3163 ediscendas
1628 3095 1760 3163 damus.

395 3198 468 3266 Plin
493 3219 546 3287 ep.
570 3202 599 3281 7,
622 3203 651 3281 9,
675 3201 709 3265 2;
732 3198 920 3266 imitatione
943 3198 1152 3287 optimorum
1177 3198 1304 3267 31611116
1326 3199 1520 3269 inveniendi
1545 3202 1687 3270 lacultas
1710 3206 1855 3291 paratur.

394 3305 537 3374 imitatio
560 3305 700 3395 saepius
723 3305 874 3374 adhibita
896 3305 1110 3373 stomachum
1136 3325 1384 3396 nonnunquam
1414 3312 1528 3375 movet
1557 3308 1709 3395 magistri
1736 3310 1827 3376 velut
1839 3308 1914 3374 eius
1942 3323 2046 3393 quem

235 3412 383 3480 imitatur
404 3412 626 3499 Argentarius
650 3412 788 3500 quidam
813 3411 1021 3500 discipulus:

395 3523 501 3588 contr.
523 3523 554 3603 9,
577 3522 608 3603 3,
636 3522 690 3586 121
714 3518 953 3606 indignabatur
977 3516 1114 3586 Cestius
1144 3519 1339 3609 detorqueri
1362 3520 1406 3587 ab
1429 3520 1486 3588 illo
1510 3521 1637 3589 totiens
1660 3525 1693 3588 61
1716 3517 1836 3586 1661611
1860 3515 2052 3585 3661661163Ι

705 3645 795 3694 3663.
818 3626 901 3715 quid
926 3626 1060 3715 putatis,
1085 3626 1204 3707 aiebat,
1226 3625 1464 3712 Argentarium
1490 3628 1590 3695 esse?
1636 3624 1742 3694 Cestii
1766 3625 1889 3692 simius
1913 3627 1973 3691 631

394 3733 495 3800 Α1166
519 3735 572 3801 631
595 3732 728 3816 11611611,
750 3733 842 3801 61166
864 3733 1019 3800 16616611.
1044 3732 1120 3799 Η66
1144 3753 1165 3800 6
1187 3731 1404 3801 scholasticis
1425 3753 1634 3823 quamquam
1653 3732 1734 3800 vitio
1758 3731 1909 3813 dabatur,
1932 3735 2048 3798 tamen

234 3840 405 3908 invenitur
428 3840 514 3907 16613
538 3839 713 3907 nonnullis
736 3840 855 3906 velut:

395 3949 501 4014 66611.
529 3949 576 4030 10,
600 3950 630 4028 4,
660 3948 817 4014 2011666
846 3966 987 4014 3663616
1018 3945 1159 4035 quidam
1184 3944 1290 4013 Latini
1307 3945 1473 4027 dixerunt,
1495 3945 1557 4014 sed
1580 3945 1639 4027 sic,
1662 3949 1699 4012 61
1719 3949 1836 4033 putem
1874 3946 1952 4014 illos
1976 3965 2045 4011 non

233 4058 405 4122 mutuatos
436 4073 514 4122 esse
544 4057 660 4141 aperte
689 4054 776 4121 hanc
806 4053 1019 4135 sententiam,
1047 4052 1107 4121 sed
1139 4053 1297 4121 imitatos.

393 4181 483 4229 suas.
507 4162 536 4242 7,
562 4163 612 4227 14:
658 4160 816 4248 Hybreus
838 4159 930 4227 lilius
953 4160 1057 4248 patris
1087 4161 1141 4228 sui
1163 4163 1271 4227 toturn
1296 4161 1407 4227 locum
1431 4159 1621 4226 omnibus
1652 4158 1978 4246 agnoscentibus
2001 4155 2046 4223 ad

660 4266 840 4335 litteram
863 4266 980 4333 dixlt

395 4378 500 4441 contr.
522 4377 552 4456 9,
575 4376 604 4456 6,
632 4376 684 4440 161
709 4372 865 4462 Hybreae
888 4373 1091 4441 sententiam
1127 4373 1255 4441 Fuscus
1278 4372 1424 4440 Arellius
1454 4393 1523 4441 non
1554 4393 1637 4442 casu
1668 4374 1760 4457 dixit
1788 4372 1849 4439 sed
1880 4369 2048 4437 transtulit

709 4481 757 4548 ad
780 4481 957 4548 verbum.

445 4639 463 4672 „
502 4591 549 4671 10,
573 4590 602 4669 4,
631 4591 682 4654 19;
705 4586 879 4675 Asprenas
910 4584 1075 4673 Glyconis
1106 4587 1191 4655 dixit
1221 4607 1362 4655 sensum
1393 4588 1516 4656 eodem
1554 4588 1669 4671 modo,
1699 4607 1767 4653 uno
1797 4584 1902 4651 verbo
1933 4583 2053 4669 magis.

706 4694 845 4782 proprio
871 4713 962 4760 usus

395 4800 489 4869 Η666
512 4801 684 4868 3611161661
706 4801 866 4888 exempla
899 4799 942 4867 ad
973 4799 1278 4868 demonstrandum
1311 4801 1508 4868 imitationis
1538 4797 1762 4869 scholasticae
1794 4815 1926 4863 morem
1951 4816 2049 4864 corn·

235 4928 384 4976 munem.
