4675 5575
1203 312 1241 377 18

1040 510 1045 518 ’
1161 523 1286 592 Cicero

1122 631 1337 805 schollastici:
1362 735 1505 806 Porcius
1529 738 1626 808 Latro

1005 848 1421 986 slN

968 1003 1118 1073 Velleius
1147 1006 1302 1075 Valerius
1327 1006 1459 1073 Plinius

463 1183 584 1271 Neque
599 1181 800 1269 igiturrecta
813 1180 867 1249 via
889 1181 1076 1271 scriptores
1099 1189 1238 1252 nostros
1260 1204 1280 1252 a
1304 1181 1475 1252 Cicerone
1499 1182 1734 1271 dependere‚¹)
1758 1183 1819 1252 sed
1836 1185 2122 1255 scholasticorum

305 1288 450 1376 vestigia
472 1308 550 1356 cum
575 1291 778 1377 premerent,
801 1308 883 1356 casu
907 1292 940 1356 et
962 1289 1093 1358 inscios
1123 1290 1157 1358 in
1180 1287 1388 1358 Ciceronem
1414 1289 1578 1357 incidisse
1601 1290 1688 1357 ultro
1712 1289 1917 1378 intelligitur.

1080 1488 1110 1552 3.
1140 1485 1193 1553 de
1217 1482 1346 1554 Sulla

465 1607 667 1714 Exemplum
693 1630 726 1694 et
748 1625 916 1694 lelicitalis
949 1628 982 1692 et
1012 1626 1220 1695 crudelitatis
1242 1626 1332 1715 apud
1357 1626 1584 1694 scholasticos
1613 1626 1760 1694 occurrit
1788 1624 1882 1695 Sulla
1910 1627 2007 1695 lactis
2048 1648 2123 1694 mo·

304 1733 476 1823 ribusque.
515 1732 715 1800 lelicitatem
739 1732 912 1800 celebrant
935 1753 1013 1800 cum
1038 1732 1094 1800 alii
1117 1738 1189 1800 tum
1214 1732 1343 1800 Plinius
1376 1732 1486 1800 maior
1516 1732 1551 1800 in
1583 1732 1658 1800 hist
1691 1736 1755 1800 nat
1783 1736 1907 1816 7.137;
1939 1733 2122 1802 crudelitas

304 1839 380 1909 eius
405 1841 510 1908 mullo
534 1838 690 1929 pluribus
713 1838 799 1906 locis
824 1838 857 1905 in
877 1840 1074 1928 exemplum
1098 1838 1271 1926 redigitur·

413 1945 491 2015 Sen.
514 1950 572 2014 ctr.
595 1949 625 2029 2,
648 1948 679 2028 4,
701 1950 737 2014 4:
762 1945 796 2012 in
821 1943 917 2013 Sulla
940 1945 1122 2014 clementia
1145 1944 1389 2032 [desideraturi.

433 2104 449 2133 „
521 2103 537 2132 „
585 2055 616 2135 9,
640 2054 670 2135 2,
699 2055 753 2119 19:
777 2053 927 2141 populus
950 2050 1126 2119 Romanus
1148 2050 1261 2119 tulerit
1283 2102 1291 2117 .
1314 2102 1321 2117 .
1345 2049 1380 2117 in
1407 2049 1503 2118 Sulla
1527 2050 1771 2118 crudelitatem.

434 2214 449 2243 ,
499 2179 589 2228 suas.
613 2163 643 2241 b,
666 2161 686 2225 3
711 2158 861 2245 (Fortius
885 2158 1011 2243 Latrot:
1036 2158 1146 2226 civilis
1168 2156 1348 2244 sanguinis
1373 2154 1514 2224 Sullana
1537 2156 1613 2225 sitis
1636 2157 1670 2223 in
1693 2156 1864 2225 civitatem
1887 2159 1983 2227 redit

467 2266 541 2334 llac
569 2286 708 2355 quoque
738 2266 773 2331 ln
804 2285 840 2333 re
869 2285 889 2332 a
918 2265 1093 2355 plerisque
1124 2264 1349 2352 scriptoribus
1379 2262 1550 2352 descripta
1580 2262 1823 2332 similitudines
1852 2265 2020 2355 quasdam
2051 2285 2121 2333 non

305 2375 429 2443 deesse
449 2373 548 2441 lacile
571 2371 887 2461 comprehenditur:
912 2370 1097 2439 Conleras:

412 2480 493 2548 Vell.
517 2482 547 2562 2,
574 2481 628 2545 17:
653 2476 747 2546 Sulla
769 2478 829 2561 vir,
852 2478 908 2568 qui
935 2497 1047 2568 neque
1070 2478 1117 2546 ad
1141 2476 1269 2544 linem
1292 2476 1501 2544 victoriae
1526 2476 1609 2544 satis
1633 2477 1761 2545 laudari
1791 2497 1904 2567 neque
1928 2481 2023 2567 post
2043 2478 2122 2545 vic-

519 2585 665 2653 toriam
690 2584 826 2653 abunde
848 2584 1030 2673 vituperari
1054 2587 1177 2673 potest

397 2694 492 2760 ·Vell.
520 2695 546 2774 1,
569 2692 621 2773 25,
644 2693 679 2757 3;
703 2690 791 2759 adeo
814 2687 910 2758 Sulla
933 2689 1111 2757 dissimilis
1141 2691 1203 2757 luit
1233 2689 1438 2757 bellaturae
1460 2689 1619 2772 victor„
1643 2692 1679 2756 ut
1702 2689 1796 2757 dum
1820 2689 1962 2773 vincit,
1986 2691 2122 2780 aequis·

517 2797 643 2885 simoi)
667 2799 785 2882 lenior,
807 2803 906 2888 post
928 2798 1156 2866 victoriam
1180 2797 1295 2866 audito
1319 2796 1418 2865 luerit
1441 2796 1622 2864 crudelior.

409 2890 534 2992 Vals9,
557 2910 587 2989 2,
616 2911 644 2973 l:
670 2906 701 2974 L.
725 2904 828 2988 Sulla,
851 2926 955 2996 quem
980 2926 1111 2995 neque
1143 2906 1310 2974 laudare
1340 2924 1474 2993 neque
1504 2904 1737 2993 vilaperare
1767 2904 1981 2993 quisquam
2011 2907 2121 2973 satis

519 3013 647 3100 digne
672 3015 822 3100 potest,
844 3011 924 3101 quia
947 3011 1040 3079 dum
1063 3012 1222 3102 quaerit
1244 3012 1473 3092 victoriam,
1498 3009 1698 3099 Scipionem
1713 3011 1843 3100 populo
1858 3010 2024 3096 Romano,
2037 3012 2120 3079 dum

519 3124 662 3201 exercet,
687 3117 916 3185 Hannibalem
940 3118 1206 3205 repraesentavit
1227 3119 1284 3206 (ad
1312 3120 1379 3186 hoc
1409 3119 1450 3185 cl.
1473 3118 1555 3185 Vell.
1586 3120 1616 3200 2,
1644 3119 1697 3183 18:
1728 3117 1939 3187 Mithridates
1971 3119 2052 3186 odio
2086 3119 2119 3186 in

520 3224 696 3293 Romanos
723 3224 917 3310 Hannibal).

397 3316 497 3400 Prin.
521 3332 596 3398 hist.
620 3335 685 3398 nat
708 3333 761 3414 22,
790 3333 842 3397 12:
866 3350 943 3398 eam
967 3332 1028 3416 (sc.
1056 3332 1235 3416 coronam)
1267 3331 1376 3421 capite
1403 3351 1466 3398 suo
1497 3332 1749 3421 proscriptione
1780 3352 1843 3400 sua
1874 3332 1947 3420 ipse
1976 3329 2118 3397 detraxit

519 3441 612 3506 tanto
637 3437 913 3526 paucioribus
936 3437 1069 3505 civibus
1092 3439 1272 3506 servatis
1295 3458 1397 3526 quam
1423 3441 1567 3525 postea
1590 3438 1756 3506 occisis.

467 3545 710 3616 Crudelitatem
734 3543 839 3611 simili
856 3544 986 3612 ratione
1011 3544 1158 3611 describi
1183 3543 1399 3632 repperimus
1423 3544 1509 3611 locis
1534 3544 1641 3613 hisce:

412 3654 494 3721 Veli.
517 3656 547 3735 2,
568 3655 620 3735 28,
643 3653 677 3717 4:
701 3670 765 3718 nec
788 3653 916 3718 tantum
929 3650 962 3717 in
981 3670 1051 3734 eos,
1074 3650 1132 3741 qui
1153 3669 1265 3717 arma
1288 3650 1441 3733 tulerant
1460 3650 1521 3717 sed
1537 3650 1570 3717 in
1589 3653 1715 3718 multos
1733 3651 1886 3718 insontes
1905 3649 2119 3718 saevitum.

412 3761 482 3828 Val.
504 3762 534 3841 9,
557 3760 587 3842 2,
615 3761 643 3823 l:
666 3777 742 3825 nec
766 3761 987 3824 contentus
1018 3758 1056 3823 in
1087 3777 1162 3825 eos
1193 3756 1373 3839 saevire,
1403 3756 1461 3846 qui
1492 3757 1598 3825 armis
1628 3764 1714 3825 ase
1744 3756 1989 3839 dissenserant
2018 3755 2120 3824 etiam

519 3864 622 3954 quieti
647 3863 753 3932 animi
778 3864 871 3931 cives
894 3863 1165 3952 proscriptorum
1189 3883 1332 3930 numero
1357 3863 1490 3931 adiecit

466 3970 564 4057 Quae
587 3969 840 4038 consensiones
863 3969 954 4037 hand
978 3969 1051 4037 scio
1076 3990 1118 4037 an
1142 3973 1237 4036 ortae
1261 3969 1329 4036 sint
1352 3990 1395 4038 ex
1418 3989 1553 4037 morum
1582 3968 1697 4037 Sullae
1722 3969 1953 4058 descriptione
1976 3988 1996 4036 a
2019 3969 2122 4036 scho-

306 4080 434 4149 lasticis
457 4079 589 4167 utrique
612 4096 696 4144 sane
723 4077 836 4144 oblata
868 4074 1073 4144 Sallustiana
1108 4077 1176 4163 lug.
1199 4077 1252 4159 95,
1265 4080 1295 4143 4.
1340 4076 1434 4153 ldem
1458 4076 1655 4144 imitationis
1675 4077 1753 4143 lons
1776 4077 1958 4145 manilesto
1981 4079 2122 4164 apparet

307 4192 383 4256 loco
406 4189 546 4255 tractato
571 4184 614 4252 de
639 4183 754 4252 Sullae
778 4184 812 4251 in
835 4183 979 4250 Marium
1004 4183 1211 4266 crudelitate,
1229 4183 1258 4250 si
1283 4185 1455 4252 conferas:

413 4291 550 4363 Sallust.
572 4291 648 4359 hist
677 4295 701 4375 l,
724 4293 779 4357 30:
802 4291 856 4358 cui
881 4292 1013 4358 tracta
1037 4290 1132 4379 prius
1155 4311 1333 4359 crura..
1356 4294 1392 4357 ut
1410 4311 1471 4378 per
1495 4290 1692 4377 singulos
1716 4294 1829 4357 artus
1851 4289 2028 4378 expiraret

413 4398 492 4468 Sen.
524 4399 604 4488 phil.
633 4398 677 4466 de
708 4398 755 4464 ira
785 4399 814 4463 3.
842 4400 891 4463 18:
937 4396 1046 4465 Mario
1074 4395 1169 4465 Sulla
1200 4396 1411 4486 pertringi
1436 4417 1558 4464 crura
1580 4396 1679 4471 iussit
1710 4401 1743 4464 et
1766 4397 1929 4485 paulatim
1954 4416 2016 4485 per
2040 4394 2122 4462 sin·

519 4505 647 4593 gulos
670 4507 784 4572 artus
809 4503 975 4570 laceravit

311 4634 525 4644 *-

463 4701 485 4771 ¹)
504 4699 581 4757 sicut
594 4701 684 4771 vulgo
702 4700 874 4768 statuerunt,
894 4697 944 4781 qui
962 4696 1016 4753 viri
1036 4697 1116 4754 docti
1148 4698 1186 4754 de
1205 4697 1354 4754 eiusmodi
1373 4696 1625 4755 consensIonibus
1639 4694 1852 4752 disseruerunt.
1875 4695 1910 4751 cl.
1948 4693 1986 4749 de
2005 4694 2121 4779 Velleio

307 4771 422 4834 Kaiser.
431 4773 450 4829 l.
463 4773 482 4828 l.
492 4789 521 4845 p.
539 4774 583 4827 47.
602 4771 691 4827 Faust
710 4771 728 4826 l.
747 4771 765 4825 l.
775 4786 804 4842 p.
821 4771 851 4824 ’λε
864 4766 1038 4838 „Ciceronis
1054 4772 1085 4824 et
1099 4768 1218 4826 dicendi
1232 4769 1376 4826 rationem
1390 4770 1514 4842 saepius
1527 4768 1657 4826 imitatus
1677 4768 1724 4823 est
1736 4770 1767 4823 et
1778 4766 1941 4841 permultas
1955 4768 2121 4823 sententias

307 4844 479 4901 immutatas
498 4859 515 4900 e
535 4842 679 4900 memoria
697 4840 839 4898 historiae
861 4855 934 4896 suae
956 4838 1086 4896 inserit.“

469 4931 557 5003 ¹)sic
576 4948 660 4989 conc.
681 4932 777 4989 Halm.
