4675 5575
1156 377 1178 441 9

289 635 293 642 ·
336 626 349 650 ν
421 601 458 669 ln
482 599 525 667 iis
546 618 635 689 quos
656 594 805 663 maxime
829 590 1047 659 imitabantur
1069 586 1276 667 scholastici,
1314 588 1409 652 erant
1440 581 1564 670 prioris
1588 579 1715 648 saeculi
1745 578 1861 665 magni
1891 577 2076 665 scriptores

259 717 294 782 et
317 713 435 801 poetae
451 708 484 789 ii,
498 705 556 795 qui
571 701 748 771 rhetoricis
769 697 990 788 potissimum
1005 695 1135 764 artibus
1158 691 1387 761 inserviebant
1402 709 1442 757 ac
1452 688 1634 756 studebant
1652 687 1765 776 itaque
1784 707 1863 754 cum
1882 683 2078 774 eloquentia

260 815 467 889 scholastica
490 813 670 899 cognatam
694 807 867 897 quandam
891 804 1078 871 dictionem
1101 801 1329 869 excoluerant
1376 797 1478 864 Erant
1499 799 1613 863 autem
1638 795 1672 860 in
1695 793 1869 861 historicis
1893 790 2076 860 Sallustius

263 922 421 1013 inprimis
451 925 484 987 et
513 917 634 998 livius,
665 915 697 981 in
727 912 920 981 oratoribus
951 907 1086 990 Cicero,
1122 908 1157 974 in
1194 905 1305 995 poetis
1334 902 1513 988 Vergilius.
1559 900 1629 970 Sed
1659 921 1739 969 curn
1773 900 1908 968 illorum
1937 919 2078 989 quoque

262 1033 370 1101 aetate
406 1024 611 1095 scholastica
646 1019 842 1110 eloquentia
878 1018 1009 1104 vigeret
1038 1034 1102 1082 nec
1132 1017 1247 1081 tamen
1270 1012 1511 1091 dominaretur,
1534 1008 1693 1095 dignosci
1718 1008 1808 1075 haud
1833 1007 1932 1075 lacile
1954 1009 2081 1095 potest,

263 1140 425 1228 quantum
449 1133 514 1221 ipsi
539 1127 847 1198 declamationibus
875 1121 1056 1192 debuerint
1078 1123 1242 1206 quaan
1264 1119 1359 1207 ipsis
1388 1118 1646 1186 declamatores
1691 1114 1852 1184 Ovidium
1876 1116 1992 1202 utpote
2023 1113 2077 1181 his

264 1244 430 1312 iuniorem
461 1243 552 1307 certe
582 1238 716 1304 constat
738 1253 808 1300 non
831 1235 900 1299 tam
938 1228 1155 1298 scholasticis
1179 1226 1358 1294 imitationi
1382 1224 1490 1292 luisse
1519 1242 1622 1314 quarn
1653 1223 1766 1311 ipsum
1797 1222 1964 1289 imitatum
2000 1240 2078 1288 esse

168 1381 171 1385 “
263 1352 349 1418 illos.
395 1345 656 1434 subsequantur
678 1361 721 1409 ex
750 1339 884 1407 Seneca
912 1339 1015 1425 patre,
1044 1354 1133 1425 quae
1156 1337 1290 1401 exstant
1312 1331 1511 1400 imitationis
1534 1331 1691 1418 exempla
1713 1329 1827 1417 aliqua
1857 1348 1897 1396 ac
1928 1327 2078 1416 primurn

258 1456 402 1547 quidem
433 1452 558 1542 quibus
587 1448 729 1515 imitatio
754 1443 937 1512 Ciceronis
960 1440 1126 1527 arguitur:

424 1562 530 1627 contr.
558 1560 584 1638 l,
607 1556 637 1635 4,
661 1554 694 1619 7:
717 1552 813 1617 color
839 1600 847 1615 .
870 1599 878 1614 .
900 1566 990 1614 unus
1012 1547 1056 1614 ab
1078 1545 1251 1627 omnibus,
1273 1544 1332 1633 qui
1356 1543 1640 1626 declamaverunt,
1663 1540 1876 1608 introductus
1899 1544 2011 1608 est..
2036 1560 2079 1607 ex

716 1657 774 1724 illa
796 1653 977 1724 Ciceronis
1000 1652 1169 1721 sententia
1192 1655 1327 1734 tractus,
1349 1670 1452 1740 quam
1477 1650 1511 1716 in
1535 1649 1639 1717 simili
1663 1649 1896 1717 controversia
1919 1647 2012 1715 dixit

423 1789 514 1837 suas.
549 1769 579 1850 6,
602 1768 636 1833 2:
713 1763 817 1831 verba
841 1761 923 1828 livii
949 1760 983 1827 in
1008 1757 1190 1827 Ciceronis
1213 1758 1407 1826 laudatione
1430 1756 1562 1824 lunebri
1587 1756 1790 1823 alleruntur:
1811 1807 1838 1838 „.
1861 1804 1869 1822 .
1891 1807 1898 1822 .
1923 1755 1957 1822 in
1980 1755 2079 1822 cuius

715 1873 776 1958 (sc
800 1868 995 1952 Ciceronis)
1018 1867 1137 1934 laudes
1160 1864 1400 1953 exsequendas
1419 1861 1590 1931 Cicerone
1613 1862 1787 1931 laudatore
1811 1882 1900 1950 opus
1925 1863 2034 1929 luerit

423 1982 562 2069 Vergilii
587 1978 809 2047 imitationem
833 1976 950 2064 plures
974 1973 1040 2041 loci
1063 1976 1211 2060 arguunt
1232 1974 1332 2040 velut

422 2108 512 2156 suas.
535 2091 565 2169 3,
588 2088 621 2153 5:
711 2083 845 2151 solebat
868 2081 998 2148 Fuscus
1022 2099 1064 2148 ex
1088 2078 1238 2166 Vergilio
1263 2080 1368 2147 multa
1391 2078 1533 2161 trahere,
1556 2080 1593 2144 ut
1615 2076 1804 2145 Maecenati
1829 2076 2022 2164 imputaret

422 2198 528 2263 contr.
545 2196 575 2276 7,
593 2194 685 2276 1,27:
708 2190 892 2257 Montanus
916 2239 923 2255 .
949 2187 1088 2254 ‚aiebat
1111 2186 1207 2252 illum
1230 2188 1292 2264 (sc.
1316 2185 1487 2270 Cestium)
1512 2183 1634 2251 imitari
1662 2183 1813 2251 voluisse
1836 2182 1974 2268 Vergilii
2001 2181 2081 2250 des·

715 2297 929 2384 criptionem.
969 2293 1010 2360 cl.
1034 2294 1063 2375 7,
1092 2295 1192 2375 1,27.

422 2428 513 2475 suas
536 2409 567 2488 3,
590 2408 623 2472 7:
714 2401 866 2489 (Vergilii
892 2399 974 2466 illud
997 2400 1117 2487 „plena
1140 2398 1239 2484 deo‘⁴)
1263 2399 1399 2466 dicebat
1423 2397 1536 2466 Gallio
1555 2397 1685 2465 Nasoni
1698 2416 1763 2464 suo
1776 2395 1875 2465 valde
1890 2395 2080 2484 placuisse;

715 2508 827 2596 itaque
850 2506 975 2574 iecisse
1000 2506 1105 2587 illum,
1129 2506 1222 2593 quod
1247 2505 1281 2571 in
1305 2504 1421 2571 multis
1441 2504 1517 2572 aliis
1530 2504 1689 2571 versibus
1703 2503 1843 2589 Vergilii
1857 2504 1991 2584 lecerat
2009 2523 2080 2570 non

716 2612 929 2702 subripiendi
963 2630 1075 2693 causa,
1106 2611 1168 2678 sed
1203 2611 1315 2699 palam
1353 2610 1540 2691 mutuandi,
1592 2610 1660 2677 hoc
1712 2610 1838 2692 animo,
1896 2613 1931 2677 ut
1980 2610 2081 2677 vellet

718 2719 872 2807 agnosci.
895 2771 902 2785 .
925 2769 933 2785 .
956 2719 997 2785 cl.
1021 2716 1146 2785 deinde
1169 2722 1275 2785 contr.
1298 2720 1328 2801 4,
1350 2721 1381 2802 4,
1404 2720 1434 2783 5.

423 2829 567 2898 Ovidius
591 2849 660 2895 non
684 2830 752 2895 tam
776 2847 796 2895 a
820 2826 1036 2893 scholasticis
1069 2825 1234 2894 imitando
1258 2830 1310 2894 est
1332 2844 1519 2913 expressus
1545 2843 1648 2913 quam
1682 2825 1756 2913 ipse
1780 2825 1859 2893 illos
1881 2826 2082 2893 sectabatur.

424 2935 526 3020 Quod
550 2939 586 3003 ut
609 2934 823 3020 intellegatur
846 2934 932 3001 haec
954 2936 1083 3000 tantum
1108 2934 1260 3020 prolerre
1283 2933 1432 3001 sulliciat
1455 2931 1628 3019 exempla:

424 3045 530 3111 contr.
553 3045 583 3125 2,
607 3044 636 3123 2,
660 3044 694 3107 8:
716 3038 813 3107 Adeo
838 3039 992 3106 studiose
1016 3038 1195 3107 Latronem
1218 3040 1333 3122 audiit,
1355 3043 1391 3107 ut
1416 3039 1539 3105 multas
1568 3038 1658 3105 illius
1685 3039 1872 3106 sententias
1901 3039 1934 3106 in
1958 3058 2079 3106 versus

717 3167 800 3214 suos
824 3145 1029 3214 transtulerit
1053 3149 1114 3233 (sc.
1137 3143 1307 3230 Ovidius).

476 3306 494 3338 „
553 3257 583 3336 3,
607 3255 642 3320 7:
711 3250 861 3320 Scaurus
885 3253 990 3320 multa
1013 3251 1232 3321 Montaniana
1256 3254 1290 3320 in
1313 3253 1438 3322 Ovidio
1460 3255 1582 3341 arguit.

424 3360 656 3448 Exposuimus
679 3359 747 3426 iam
765 3359 885 3427 aetatis
901 3359 1076 3447 proprium
1101 3379 1141 3428 ac
1157 3361 1327 3447 peculiare
1348 3361 1562 3429 declamandi
1586 3358 1736 3428 studium
1760 3360 2079 3447 auctoritatemque3

210 3474 217 3488 “
263 3468 492 3556 cognovimus
516 3467 616 3533 huius
639 3466 742 3533 studii
767 3466 939 3554 propriam
963 3471 1064 3553 atque
1087 3465 1257 3552 insignem
1283 3466 1436 3534 imitandi
1469 3467 1763 3547 consuetudinem,
1792 3466 1959 3555 suspicari
1992 3466 2079 3532 ultro

263 3595 450 3665 possumus
465 3576 585 3641 harum
597 3594 710 3641 rerum
729 3573 842 3640 inesse
852 3573 995 3660 vestigia
1005 3591 1045 3640 ac
1055 3572 1154 3659 signa
1172 3574 1353 3661 perspicua
1377 3574 1410 3640 in
1434 3573 1552 3641 litteris
1576 3574 1732 3642 eiusdem
1756 3572 1875 3640 aetatis
1899 3573 2080 3655 Romanis;

264 3686 373 3763 restat,
397 3684 433 3749 ut
455 3684 545 3748 recle
570 3680 764 3768 suspicatos
783 3699 847 3746 nos
871 3699 950 3747 esse
981 3680 1276 3763 demonstremus;
1308 3680 1535 3770 Exquiramus
1565 3682 1666 3769 igitur
1695 3685 1859 3771 quantum
1890 3701 2079 3769 possumus

265 3806 393 3870 eorum,
416 3788 473 3876 qui
498 3787 609 3876 primo
633 3788 712 3875 post
734 3783 814 3853 Chr.
837 3787 979 3854 saeculo
1001 3787 1183 3873 viguerunt
1206 3787 1409 3876 scriptorum
1434 3787 1545 3855 studia
1568 3788 1783 3855 scholastica.

424 3996 491 4066 Sed
517 4000 715 4088 priusquam
746 4000 959 4088 propositum
991 3999 1105 4088 ipsum
1136 4000 1385 4085 aggrediamur,
1415 4019 1559 4067 necesse
1591 4004 1652 4084 est,
1683 4021 1754 4090 quo
1783 4000 1906 4067 lueriut
1935 4001 2077 4087 ingenio

264 4105 392 4173 saeculi
418 4105 509 4172 illius
532 4108 731 4193 praesertim
754 4107 901 4174 ineuntis
925 4106 1120 4194 scriptores,
1143 4126 1325 4194 exponere.
1372 4105 1469 4173 Hanc
1491 4107 1583 4173 enim
1607 4128 1680 4174 rem
1704 4109 1820 4197 quanti
1846 4108 1889 4174 sit
1904 4109 2081 4179 momenti,

265 4212 360 4278 initio
385 4211 452 4279 iam
477 4213 709 4299 exposuimus.
754 4213 879 4300 Magna
902 4213 1040 4300 ingenia
1063 4212 1291 4296 dominantur,
1314 4232 1416 4301 parva
1439 4214 1568 4281 saeculi
1587 4215 1721 4303 studiis
1744 4213 2001 4303 auctoritatique
2027 4215 2078 4280 in-

263 4319 414 4386 serviunt
427 4319 481 4386 vel
505 4322 595 4386 certe
620 4319 805 4408 indulgent

424 4444 492 4510 lam
516 4464 597 4510 vero
622 4463 709 4531 quae
732 4446 932 4513 exstiterunt
955 4445 987 4511 in
1013 4445 1107 4512 omni
1130 4464 1258 4532 genere
1283 4446 1467 4512 litterarum
1492 4444 1721 4513 Romanarum
1746 4446 1902 4533 Augusto
1926 4443 2075 4512 Caesare

265 4547 453 4637 imperante
476 4550 614 4636 ingenia
638 4571 771 4637 magna,
790 4556 888 4619 enata
911 4557 990 4619 sunt
1005 4554 1106 4640 atque
1122 4551 1345 4619 adoleverunt
1358 4556 1435 4619 ante
1449 4553 1628 4620 llorentem
1644 4553 1875 4641 eloquentiam
1899 4552 2078 4619 scholasti·

265 4673 349 4737 cam,
370 4657 552 4744 viguerunt
574 4661 696 4742 autern,
719 4658 800 4725 dum
825 4679 881 4726 res
904 4659 1110 4726 scholastica
1133 4659 1282 4726 adolevit
1307 4658 1454 4726 necdum
1485 4660 1617 4727 cunctis
1648 4660 1765 4727 litteris
1796 4660 1992 4747 imperabat,
2017 4680 2076 4727 ex·

265 4760 385 4828 stincta
408 4763 556 4853 denique
580 4770 667 4847 sunt,
690 4786 759 4854 quo
784 4770 938 4854 tempore
962 4766 1158 4834 scholastici
1184 4765 1410 4854 principatum
1441 4766 1660 4834 obtinuerunt
1689 4767 1722 4834 in
1754 4767 1873 4835 litteris
1904 4766 2078 4850 Romanis,

265 4865 284 4932 i.
308 4887 335 4933 e.
358 4867 494 4938 Tiberio
517 4872 699 4960 imperium
725 4873 870 4940 ineunte.
917 4872 983 4957 Qui
1008 4873 1109 4962 primi
1142 4877 1222 4961 post
1251 4874 1318 4939 hoc
1347 4877 1483 4961 tempus
1507 4877 1687 4942 evaserunt
1710 4875 1743 4941 in
1768 4875 1887 4941 litteris
1913 4873 2079 4942 Romanis

265 4972 460 5061 scriptores,
483 4998 544 5063 per
567 4999 707 5046 omnem
738 4979 840 5048 vitam
875 4978 1091 5047 scholasticis
1114 4980 1414 5048 exercitationibus
1453 4985 1485 5049 et
1512 4981 1820 5050 declamationibus
1848 4986 1881 5074 et
1920 4982 2016 5069 pueri
2041 4976 2106 5049 et'

1965 5091 1982 5145 2
