<?xml version="1.0" encoding="UTF-8"?>
<!DOCTYPE html PUBLIC "-//W3C//DTD XHTML 1.0 Transitional//EN"
    "http://www.w3.org/TR/xhtml1/DTD/xhtml1-transitional.dtd">
<html xmlns="http://www.w3.org/1999/xhtml" xml:lang="en" lang="en">
 <head>
  <title>
</title>
<meta http-equiv="Content-Type" content="text/html;charset=utf-8" />
  <meta name='ocr-system' content='tesseract 3.04.00' />
  <meta name='ocr-capabilities' content='ocr_page ocr_carea ocr_par ocr_line ocrx_word'/>
</head>
<body>
  <div class='ocr_page' id='page_1' title='image "./depriorumscript00ltgoog_0007.png"; bbox 0 0 4675 5575; ppageno 0'>
   <div class='ocr_carea' id='block_1_1' title="bbox 330 1083 2005 1305">
    <p class='ocr_par' dir='ltr' id='par_1_1' title="bbox 330 1083 2005 1305">
     <span class='ocr_line' id='line_1_1' title="bbox 330 1083 2005 1305; baseline -0.001 -37"><span class='ocrx_word' id='word_1_1' title='bbox 330 1137 415 1269; x_wconf 82' lang='lat' dir='ltr'>lle</span> <span class='ocrx_word' id='word_1_2' title='bbox 461 1137 733 1305; x_wconf 79' lang='lat' dir='ltr'>priorum</span> <span class='ocrx_word' id='word_1_3' title='bbox 780 1135 1143 1304; x_wconf 79' lang='lat' dir='ltr'>scriptorum</span> <span class='ocrx_word' id='word_1_4' title='bbox 1191 1143 1533 1304; x_wconf 70' lang='lat' dir='ltr'>argenteae,</span> <span class='ocrx_word' id='word_1_5' title='bbox 1584 1175 1736 1303; x_wconf 90' lang='lat' dir='ltr'>quae</span> <span class='ocrx_word' id='word_1_6' title='bbox 1782 1083 2005 1268; x_wconf 87' lang='lat' dir='ltr'>dieitur</span> 
     </span>
    </p>
   </div>
   <div class='ocr_carea' id='block_1_2' title="bbox 660 1401 1682 1533">
    <p class='ocr_par' dir='ltr' id='par_1_2' title="bbox 660 1401 1682 1533">
     <span class='ocr_line' id='line_1_2' title="bbox 660 1401 1682 1533; baseline 0 -2"><span class='ocrx_word' id='word_1_7' title='bbox 660 1401 981 1532; x_wconf 76' lang='lat' dir='ltr'>latinitatis</span> <span class='ocrx_word' id='word_1_8' title='bbox 1028 1401 1246 1532; x_wconf 88' lang='lat' dir='ltr'>studiis</span> <span class='ocrx_word' id='word_1_9' title='bbox 1292 1401 1682 1533; x_wconf 80' lang='lat' dir='ltr'>scholasticis.</span> 
     </span>
    </p>
   </div>
   <div class='ocr_carea' id='block_1_3' title="bbox 997 1645 1347 1725">
    <p class='ocr_par' dir='ltr' id='par_1_3' title="bbox 997 1645 1347 1725">
     <span class='ocr_line' id='line_1_3' title="bbox 997 1645 1347 1725; baseline 0.006 -3"><span class='ocrx_word' id='word_1_10' title='bbox 997 1645 1347 1725; x_wconf 84' lang='lat' dir='ltr'>Prooemium.</span> 
     </span>
    </p>
   </div>
   <div class='ocr_carea' id='block_1_4' title="bbox 204 2160 2075 4909">
    <p class='ocr_par' dir='ltr' id='par_1_4' title="bbox 263 2160 2075 2441">
     <span class='ocr_line' id='line_1_4' title="bbox 425 2160 2075 2249; baseline 0.002 -22"><span class='ocrx_word' id='word_1_11' title='bbox 425 2160 568 2228; x_wconf 90' lang='lat' dir='ltr'>Duabus</span> <span class='ocrx_word' id='word_1_12' title='bbox 596 2160 753 2249; x_wconf 84' lang='lat' dir='ltr'>inprimis</span> <span class='ocrx_word' id='word_1_13' title='bbox 783 2161 1015 2229; x_wconf 89' lang='lat' dir='ltr'>conlormatur</span> <span class='ocrx_word' id='word_1_14' title='bbox 1047 2161 1149 2229; x_wconf 91' lang='lat' dir='ltr'>rebus</span> <span class='ocrx_word' id='word_1_15' title='bbox 1181 2160 1363 2228; x_wconf 89' lang='lat' dir='ltr'>cuiuslibet</span> <span class='ocrx_word' id='word_1_16' title='bbox 1394 2160 1570 2249; x_wconf 89' lang='lat' dir='ltr'>scriptoris</span> <span class='ocrx_word' id='word_1_17' title='bbox 1602 2160 1775 2229; x_wconf 89' lang='lat' dir='ltr'>scribendi</span> <span class='ocrx_word' id='word_1_18' title='bbox 1805 2162 2019 2230; x_wconf 89' lang='lat' dir='ltr'>consuetudo</span> <span class='ocrx_word' id='word_1_19' title='bbox 2042 2167 2075 2231; x_wconf 91' lang='lat' dir='ltr'>et</span> 
     </span>
     <span class='ocr_line' id='line_1_5' title="bbox 264 2266 2074 2358; baseline 0.002 -25"><span class='ocrx_word' id='word_1_20' title='bbox 264 2266 374 2354; x_wconf 84' lang='lat' dir='ltr'>ipsius</span> <span class='ocrx_word' id='word_1_21' title='bbox 411 2266 526 2334; x_wconf 88' lang='lat' dir='ltr'>indole</span> <span class='ocrx_word' id='word_1_22' title='bbox 565 2266 775 2353; x_wconf 81' lang='lat' dir='ltr'>ingenioque</span> <span class='ocrx_word' id='word_1_23' title='bbox 804 2266 945 2354; x_wconf 90' lang='lat' dir='ltr'>proprio</span> <span class='ocrx_word' id='word_1_24' title='bbox 975 2266 1154 2334; x_wconf 89' lang='lat' dir='ltr'>etaetatis</span> <span class='ocrx_word' id='word_1_25' title='bbox 1187 2268 1362 2334; x_wconf 89' lang='lat' dir='ltr'>communi</span> <span class='ocrx_word' id='word_1_26' title='bbox 1394 2266 1541 2356; x_wconf 91' lang='lat' dir='ltr'>quadam</span> <span class='ocrx_word' id='word_1_27' title='bbox 1576 2268 1610 2334; x_wconf 94' lang='lat' dir='ltr'>in</span> <span class='ocrx_word' id='word_1_28' title='bbox 1643 2268 1762 2336; x_wconf 89' lang='lat' dir='ltr'>litteris</span> <span class='ocrx_word' id='word_1_29' title='bbox 1787 2267 2074 2358; x_wconf 85' lang='lat' dir='ltr'>sermonibusque</span> 
     </span>
     <span class='ocr_line' id='line_1_6' title="bbox 263 2373 655 2441; baseline 0 -2"><span class='ocrx_word' id='word_1_30' title='bbox 263 2374 435 2441; x_wconf 88' lang='lat' dir='ltr'>voluntate</span> <span class='ocrx_word' id='word_1_31' title='bbox 453 2394 493 2441; x_wconf 87' lang='lat' dir='ltr'>ac</span> <span class='ocrx_word' id='word_1_32' title='bbox 518 2373 655 2440; x_wconf 90' lang='lat' dir='ltr'>iudicio.</span> 
     </span>
    </p>

    <p class='ocr_par' dir='ltr' id='par_1_5' title="bbox 263 2478 2075 2783">
     <span class='ocr_line' id='line_1_7' title="bbox 424 2478 2075 2572; baseline 0.001 -25"><span class='ocrx_word' id='word_1_33' title='bbox 424 2478 666 2568; x_wconf 83' lang='lat' dir='ltr'>Unusquisque</span> <span class='ocrx_word' id='word_1_34' title='bbox 690 2480 781 2547; x_wconf 91' lang='lat' dir='ltr'>enim</span> <span class='ocrx_word' id='word_1_35' title='bbox 813 2480 969 2547; x_wconf 88' lang='lat' dir='ltr'>eiusdem</span> <span class='ocrx_word' id='word_1_36' title='bbox 992 2479 1120 2547; x_wconf 88' lang='lat' dir='ltr'>saeculi</span> <span class='ocrx_word' id='word_1_37' title='bbox 1145 2480 1252 2546; x_wconf 89' lang='lat' dir='ltr'>homo</span> <span class='ocrx_word' id='word_1_38' title='bbox 1280 2480 1432 2547; x_wconf 86' lang='lat' dir='ltr'>eruditus</span> <span class='ocrx_word' id='word_1_39' title='bbox 1470 2481 1610 2548; x_wconf 88' lang='lat' dir='ltr'>easdem</span> <span class='ocrx_word' id='word_1_40' title='bbox 1639 2482 1710 2549; x_wconf 88' lang='lat' dir='ltr'>lere</span> <span class='ocrx_word' id='word_1_41' title='bbox 1739 2482 1878 2549; x_wconf 88' lang='lat' dir='ltr'>scholas</span> <span class='ocrx_word' id='word_1_42' title='bbox 1917 2483 2075 2572; x_wconf 85' lang='lat' dir='ltr'>trequen-</span> 
     </span>
     <span class='ocr_line' id='line_1_8' title="bbox 263 2586 2072 2676; baseline 0.002 -24"><span class='ocrx_word' id='word_1_43' title='bbox 263 2586 350 2670; x_wconf 73' lang='lat' dir='ltr'>tavit,</span> <span class='ocrx_word' id='word_1_44' title='bbox 383 2587 526 2654; x_wconf 91' lang='lat' dir='ltr'>eosdem</span> <span class='ocrx_word' id='word_1_45' title='bbox 560 2587 630 2654; x_wconf 87' lang='lat' dir='ltr'>lere</span> <span class='ocrx_word' id='word_1_46' title='bbox 663 2586 769 2653; x_wconf 91' lang='lat' dir='ltr'>libros</span> <span class='ocrx_word' id='word_1_47' title='bbox 797 2586 965 2669; x_wconf 74' lang='lat' dir='ltr'>lectitavit</span> <span class='ocrx_word' id='word_1_48' title='bbox 1002 2586 1125 2654; x_wconf 88' lang='lat' dir='ltr'>iisdem</span> <span class='ocrx_word' id='word_1_49' title='bbox 1157 2587 1229 2653; x_wconf 88' lang='lat' dir='ltr'>lere</span> <span class='ocrx_word' id='word_1_50' title='bbox 1261 2587 1397 2655; x_wconf 89' lang='lat' dir='ltr'>circulis</span> <span class='ocrx_word' id='word_1_51' title='bbox 1421 2587 1613 2676; x_wconf 93' lang='lat' dir='ltr'>codemque</span> <span class='ocrx_word' id='word_1_52' title='bbox 1638 2607 1702 2655; x_wconf 90' lang='lat' dir='ltr'>usu</span> <span class='ocrx_word' id='word_1_53' title='bbox 1726 2589 1927 2671; x_wconf 81' lang='lat' dir='ltr'>continetur,</span> <span class='ocrx_word' id='word_1_54' title='bbox 1951 2588 2072 2657; x_wconf 90' lang='lat' dir='ltr'>eadem</span> 
     </span>
     <span class='ocr_line' id='line_1_9' title="bbox 263 2693 1199 2783; baseline 0 -23"><span class='ocrx_word' id='word_1_55' title='bbox 263 2693 411 2783; x_wconf 88' lang='lat' dir='ltr'>denique</span> <span class='ocrx_word' id='word_1_56' title='bbox 434 2693 564 2761; x_wconf 88' lang='lat' dir='ltr'>ratione</span> <span class='ocrx_word' id='word_1_57' title='bbox 587 2693 756 2762; x_wconf 83' lang='lat' dir='ltr'>excultam</span> <span class='ocrx_word' id='word_1_58' title='bbox 779 2713 861 2781; x_wconf 85' lang='lat' dir='ltr'>prae</span> <span class='ocrx_word' id='word_1_59' title='bbox 884 2713 924 2761; x_wconf 91' lang='lat' dir='ltr'>se</span> <span class='ocrx_word' id='word_1_60' title='bbox 948 2693 1012 2761; x_wconf 90' lang='lat' dir='ltr'>lert</span> <span class='ocrx_word' id='word_1_61' title='bbox 1036 2696 1199 2760; x_wconf 85' lang='lat' dir='ltr'>mentem.</span> 
     </span>
    </p>

    <p class='ocr_par' dir='ltr' id='par_1_6' title="bbox 262 2799 2073 3101">
     <span class='ocr_line' id='line_1_10' title="bbox 423 2799 2073 2892; baseline 0.002 -24"><span class='ocrx_word' id='word_1_62' title='bbox 423 2799 520 2885; x_wconf 89' lang='lat' dir='ltr'>Quae</span> <span class='ocrx_word' id='word_1_63' title='bbox 544 2822 622 2868; x_wconf 90' lang='lat' dir='ltr'>cum</span> <span class='ocrx_word' id='word_1_64' title='bbox 648 2801 692 2869; x_wconf 89' lang='lat' dir='ltr'>ita</span> <span class='ocrx_word' id='word_1_65' title='bbox 720 2801 796 2884; x_wconf 88' lang='lat' dir='ltr'>sint,</span> <span class='ocrx_word' id='word_1_66' title='bbox 824 2801 867 2869; x_wconf 84' lang='lat' dir='ltr'>ad</span> <span class='ocrx_word' id='word_1_67' title='bbox 898 2801 1164 2888; x_wconf 86' lang='lat' dir='ltr'>intellegendam</span> <span class='ocrx_word' id='word_1_68' title='bbox 1201 2801 1375 2869; x_wconf 90' lang='lat' dir='ltr'>cuiusvis</span> <span class='ocrx_word' id='word_1_69' title='bbox 1402 2801 1578 2889; x_wconf 89' lang='lat' dir='ltr'>scriptoris</span> <span class='ocrx_word' id='word_1_70' title='bbox 1610 2801 1796 2870; x_wconf 88' lang='lat' dir='ltr'>dictionem</span> <span class='ocrx_word' id='word_1_71' title='bbox 1831 2801 2073 2892; x_wconf 89' lang='lat' dir='ltr'>scribendique</span> 
     </span>
     <span class='ocr_line' id='line_1_11' title="bbox 263 2908 2072 2999; baseline 0.002 -25"><span class='ocrx_word' id='word_1_72' title='bbox 263 2908 428 2976; x_wconf 88' lang='lat' dir='ltr'>ratlonem</span> <span class='ocrx_word' id='word_1_73' title='bbox 447 2909 530 2975; x_wconf 87' lang='lat' dir='ltr'>nibil</span> <span class='ocrx_word' id='word_1_74' title='bbox 553 2913 621 2976; x_wconf 90' lang='lat' dir='ltr'>tam</span> <span class='ocrx_word' id='word_1_75' title='bbox 643 2909 756 2976; x_wconf 91' lang='lat' dir='ltr'>valere</span> <span class='ocrx_word' id='word_1_76' title='bbox 779 2929 882 2999; x_wconf 89' lang='lat' dir='ltr'>quam</span> <span class='ocrx_word' id='word_1_77' title='bbox 907 2908 1010 2976; x_wconf 90' lang='lat' dir='ltr'>totius</span> <span class='ocrx_word' id='word_1_78' title='bbox 1026 2908 1144 2976; x_wconf 87' lang='lat' dir='ltr'>aetatis</span> <span class='ocrx_word' id='word_1_79' title='bbox 1163 2908 1405 2976; x_wconf 91' lang='lat' dir='ltr'>condicionem</span> <span class='ocrx_word' id='word_1_80' title='bbox 1426 2908 1620 2976; x_wconf 87' lang='lat' dir='ltr'>litterariam</span> <span class='ocrx_word' id='word_1_81' title='bbox 1640 2909 1862 2997; x_wconf 90' lang='lat' dir='ltr'>habitumque</span> <span class='ocrx_word' id='word_1_82' title='bbox 1878 2912 2072 2999; x_wconf 86' lang='lat' dir='ltr'>temporum</span> 
     </span>
     <span class='ocr_line' id='line_1_12' title="bbox 262 3016 558 3101; baseline 0.014 -23"><span class='ocrx_word' id='word_1_83' title='bbox 262 3033 386 3081; x_wconf 92' lang='lat' dir='ltr'>nemco</span> <span class='ocrx_word' id='word_1_84' title='bbox 411 3016 558 3101; x_wconf 81' lang='lat' dir='ltr'>negabit</span> 
     </span>
    </p>

    <p class='ocr_par' dir='ltr' id='par_1_7' title="bbox 204 3120 2074 3423">
     <span class='ocr_line' id='line_1_13' title="bbox 417 3120 2073 3211; baseline 0.001 -22"><span class='ocrx_word' id='word_1_85' title='bbox 417 3120 492 3206; x_wconf 83' lang='lat' dir='ltr'>Jam</span> <span class='ocrx_word' id='word_1_86' title='bbox 524 3142 605 3190; x_wconf 89' lang='lat' dir='ltr'>vero</span> <span class='ocrx_word' id='word_1_87' title='bbox 638 3126 764 3210; x_wconf 88' lang='lat' dir='ltr'>quanto</span> <span class='ocrx_word' id='word_1_88' title='bbox 796 3122 875 3210; x_wconf 90' lang='lat' dir='ltr'>quis</span> <span class='ocrx_word' id='word_1_89' title='bbox 903 3126 955 3189; x_wconf 88' lang='lat' dir='ltr'>est</span> <span class='ocrx_word' id='word_1_90' title='bbox 991 3121 1129 3189; x_wconf 90' lang='lat' dir='ltr'>levioris</span> <span class='ocrx_word' id='word_1_91' title='bbox 1163 3122 1291 3207; x_wconf 84' lang='lat' dir='ltr'>ingenii</span> <span class='ocrx_word' id='word_1_92' title='bbox 1329 3121 1458 3211; x_wconf 90' lang='lat' dir='ltr'>proprii</span> <span class='ocrx_word' id='word_1_93' title='bbox 1497 3126 1694 3210; x_wconf 92' lang='lat' dir='ltr'>quantoque</span> <span class='ocrx_word' id='word_1_94' title='bbox 1734 3122 1846 3209; x_wconf 89' lang='lat' dir='ltr'>magis</span> <span class='ocrx_word' id='word_1_95' title='bbox 1887 3123 1921 3189; x_wconf 94' lang='lat' dir='ltr'>in</span> <span class='ocrx_word' id='word_1_96' title='bbox 1955 3122 2073 3191; x_wconf 90' lang='lat' dir='ltr'>litteris</span> 
     </span>
     <span class='ocr_line' id='line_1_14' title="bbox 204 3227 2074 3317; baseline 0.001 -23"><span class='ocrx_word' id='word_1_97' title='bbox 204 3236 210 3250; x_wconf 86' lang='lat'>&#39;</span> <span class='ocrx_word' id='word_1_98' title='bbox 262 3228 394 3296; x_wconf 82' lang='lat' dir='ltr'>exsistit</span> <span class='ocrx_word' id='word_1_99' title='bbox 423 3233 584 3317; x_wconf 88' lang='lat' dir='ltr'>tanquam</span> <span class='ocrx_word' id='word_1_100' title='bbox 617 3229 723 3295; x_wconf 87' lang='lat' dir='ltr'>homo</span> <span class='ocrx_word' id='word_1_101' title='bbox 751 3248 870 3312; x_wconf 88' lang='lat' dir='ltr'>novus,</span> <span class='ocrx_word' id='word_1_102' title='bbox 900 3249 942 3297; x_wconf 93' lang='lat' dir='ltr'>eo</span> <span class='ocrx_word' id='word_1_103' title='bbox 970 3229 1102 3297; x_wconf 88' lang='lat' dir='ltr'>lacilius</span> <span class='ocrx_word' id='word_1_104' title='bbox 1131 3228 1302 3317; x_wconf 85' lang='lat' dir='ltr'>putandus</span> <span class='ocrx_word' id='word_1_105' title='bbox 1335 3231 1386 3297; x_wconf 90' lang='lat' dir='ltr'>est</span> <span class='ocrx_word' id='word_1_106' title='bbox 1416 3227 1567 3296; x_wconf 87' lang='lat' dir='ltr'>incidere</span> <span class='ocrx_word' id='word_1_107' title='bbox 1600 3227 1633 3295; x_wconf 94' lang='lat' dir='ltr'>in</span> <span class='ocrx_word' id='word_1_108' title='bbox 1661 3228 1788 3295; x_wconf 89' lang='lat' dir='ltr'>saeculi</span> <span class='ocrx_word' id='word_1_109' title='bbox 1822 3228 1875 3296; x_wconf 91' lang='lat' dir='ltr'>sui</span> <span class='ocrx_word' id='word_1_110' title='bbox 1906 3228 2016 3296; x_wconf 90' lang='lat' dir='ltr'>studia</span> <span class='ocrx_word' id='word_1_111' title='bbox 2040 3233 2074 3297; x_wconf 91' lang='lat' dir='ltr'>et</span> 
     </span>
     <span class='ocr_line' id='line_1_15' title="bbox 261 3334 792 3423; baseline 0 -22"><span class='ocrx_word' id='word_1_112' title='bbox 261 3336 464 3404; x_wconf 89' lang='lat' dir='ltr'>volumtates</span> <span class='ocrx_word' id='word_1_113' title='bbox 487 3336 596 3423; x_wconf 89' lang='lat' dir='ltr'>iisque</span> <span class='ocrx_word' id='word_1_114' title='bbox 620 3334 792 3402; x_wconf 87' lang='lat' dir='ltr'>inservire.</span> 
     </span>
    </p>

    <p class='ocr_par' dir='ltr' id='par_1_8' title="bbox 262 3439 2074 3848">
     <span class='ocr_line' id='line_1_16' title="bbox 423 3439 2074 3530; baseline 0 -20"><span class='ocrx_word' id='word_1_115' title='bbox 423 3441 566 3523; x_wconf 88' lang='lat' dir='ltr'>Deinde,</span> <span class='ocrx_word' id='word_1_116' title='bbox 589 3444 715 3529; x_wconf 86' lang='lat' dir='ltr'>quanto</span> <span class='ocrx_word' id='word_1_117' title='bbox 739 3442 849 3528; x_wconf 84' lang='lat' dir='ltr'>magis</span> <span class='ocrx_word' id='word_1_118' title='bbox 864 3442 1035 3530; x_wconf 89' lang='lat' dir='ltr'>praevalet</span> <span class='ocrx_word' id='word_1_119' title='bbox 1051 3439 1179 3509; x_wconf 88' lang='lat' dir='ltr'>saeculi</span> <span class='ocrx_word' id='word_1_120' title='bbox 1198 3440 1380 3507; x_wconf 89' lang='lat' dir='ltr'>auctoritas</span> <span class='ocrx_word' id='word_1_121' title='bbox 1395 3440 1701 3528; x_wconf 86' lang='lat' dir='ltr'>universarumque</span> <span class='ocrx_word' id='word_1_122' title='bbox 1721 3440 1910 3508; x_wconf 83' lang='lat' dir='ltr'>litterarum</span> <span class='ocrx_word' id='word_1_123' title='bbox 1935 3440 2074 3530; x_wconf 86' lang='lat' dir='ltr'>propria</span> 
     </span>
     <span class='ocr_line' id='line_1_17' title="bbox 262 3546 2071 3636; baseline 0.001 -21"><span class='ocrx_word' id='word_1_124' title='bbox 262 3550 429 3636; x_wconf 88' lang='lat' dir='ltr'>quaedam</span> <span class='ocrx_word' id='word_1_125' title='bbox 457 3549 509 3615; x_wconf 93' lang='lat' dir='ltr'>vis</span> <span class='ocrx_word' id='word_1_126' title='bbox 547 3568 586 3615; x_wconf 93' lang='lat' dir='ltr'>ac</span> <span class='ocrx_word' id='word_1_127' title='bbox 619 3551 745 3631; x_wconf 82' lang='lat' dir='ltr'>natura,</span> <span class='ocrx_word' id='word_1_128' title='bbox 781 3568 824 3616; x_wconf 89' lang='lat' dir='ltr'>eo</span> <span class='ocrx_word' id='word_1_129' title='bbox 853 3549 968 3615; x_wconf 92' lang='lat' dir='ltr'>minus</span> <span class='ocrx_word' id='word_1_130' title='bbox 1006 3547 1080 3616; x_wconf 86' lang='lat' dir='ltr'>lieri</span> <span class='ocrx_word' id='word_1_131' title='bbox 1109 3548 1223 3635; x_wconf 88' lang='lat' dir='ltr'>potest</span> <span class='ocrx_word' id='word_1_132' title='bbox 1254 3551 1337 3635; x_wconf 92' lang='lat' dir='ltr'>quin</span> <span class='ocrx_word' id='word_1_133' title='bbox 1369 3546 1585 3633; x_wconf 84' lang='lat' dir='ltr'>singulorum</span> <span class='ocrx_word' id='word_1_134' title='bbox 1613 3547 1752 3633; x_wconf 87' lang='lat' dir='ltr'>ingenia</span> <span class='ocrx_word' id='word_1_135' title='bbox 1784 3550 1978 3635; x_wconf 86' lang='lat' dir='ltr'>temporum</span> <span class='ocrx_word' id='word_1_136' title='bbox 2003 3568 2071 3616; x_wconf 92' lang='lat' dir='ltr'>non</span> 
     </span>
     <span class='ocr_line' id='line_1_18' title="bbox 262 3650 2072 3743; baseline 0.001 -22"><span class='ocrx_word' id='word_1_137' title='bbox 262 3656 496 3743; x_wconf 88' lang='lat' dir='ltr'>opprimantur</span> <span class='ocrx_word' id='word_1_138' title='bbox 518 3654 673 3721; x_wconf 89' lang='lat' dir='ltr'>moribus</span> <span class='ocrx_word' id='word_1_139' title='bbox 692 3654 890 3742; x_wconf 88' lang='lat' dir='ltr'>studiisque.</span> <span class='ocrx_word' id='word_1_140' title='bbox 937 3652 1071 3737; x_wconf 89' lang='lat' dir='ltr'>Quibus</span> <span class='ocrx_word' id='word_1_141' title='bbox 1096 3654 1199 3720; x_wconf 89' lang='lat' dir='ltr'>rebus</span> <span class='ocrx_word' id='word_1_142' title='bbox 1223 3652 1335 3740; x_wconf 89' lang='lat' dir='ltr'>primo</span> <span class='ocrx_word' id='word_1_143' title='bbox 1355 3656 1441 3741; x_wconf 88' lang='lat' dir='ltr'>post.</span> <span class='ocrx_word' id='word_1_144' title='bbox 1456 3650 1536 3719; x_wconf 90' lang='lat' dir='ltr'>Chr.</span> <span class='ocrx_word' id='word_1_145' title='bbox 1558 3653 1697 3720; x_wconf 90' lang='lat' dir='ltr'>saeculo</span> <span class='ocrx_word' id='word_1_146' title='bbox 1718 3653 1849 3721; x_wconf 85' lang='lat' dir='ltr'>Romae</span> <span class='ocrx_word' id='word_1_147' title='bbox 1880 3654 2072 3722; x_wconf 90' lang='lat' dir='ltr'>coniunctis</span> 
     </span>
     <span class='ocr_line' id='line_1_19' title="bbox 262 3760 1308 3848; baseline 0 -21"><span class='ocrx_word' id='word_1_148' title='bbox 262 3761 445 3828; x_wconf 91' lang='lat' dir='ltr'>litterarum</span> <span class='ocrx_word' id='word_1_149' title='bbox 470 3760 648 3829; x_wconf 89' lang='lat' dir='ltr'>latinarum</span> <span class='ocrx_word' id='word_1_150' title='bbox 672 3762 853 3829; x_wconf 88' lang='lat' dir='ltr'>constituta</span> <span class='ocrx_word' id='word_1_151' title='bbox 878 3765 930 3828; x_wconf 87' lang='lat' dir='ltr'>est</span> <span class='ocrx_word' id='word_1_152' title='bbox 954 3761 1090 3848; x_wconf 87' lang='lat' dir='ltr'>species</span> <span class='ocrx_word' id='word_1_153' title='bbox 1113 3760 1308 3846; x_wconf 85' lang='lat' dir='ltr'>singularis.</span> 
     </span>
    </p>

    <p class='ocr_par' dir='ltr' id='par_1_9' title="bbox 259 3866 2070 4256">
     <span class='ocr_line' id='line_1_20' title="bbox 421 3866 2070 3955; baseline 0.001 -21"><span class='ocrx_word' id='word_1_154' title='bbox 421 3867 540 3955; x_wconf 90' lang='lat' dir='ltr'>Neque</span> <span class='ocrx_word' id='word_1_155' title='bbox 563 3868 655 3935; x_wconf 89' lang='lat' dir='ltr'>enim</span> <span class='ocrx_word' id='word_1_156' title='bbox 679 3867 746 3934; x_wconf 89' lang='lat' dir='ltr'>alio</span> <span class='ocrx_word' id='word_1_157' title='bbox 770 3870 924 3955; x_wconf 89' lang='lat' dir='ltr'>tempore</span> <span class='ocrx_word' id='word_1_158' title='bbox 948 3887 1097 3955; x_wconf 90' lang='lat' dir='ltr'>unquam</span> <span class='ocrx_word' id='word_1_159' title='bbox 1122 3887 1201 3933; x_wconf 91' lang='lat' dir='ltr'>cum</span> <span class='ocrx_word' id='word_1_160' title='bbox 1221 3868 1436 3954; x_wconf 82' lang='lat' dir='ltr'>singulorum</span> <span class='ocrx_word' id='word_1_161' title='bbox 1456 3866 1593 3952; x_wconf 86' lang='lat' dir='ltr'>ingenia</span> <span class='ocrx_word' id='word_1_162' title='bbox 1612 3867 1817 3955; x_wconf 89' lang='lat' dir='ltr'>scriptorum</span> <span class='ocrx_word' id='word_1_163' title='bbox 1837 3887 1906 3935; x_wconf 93' lang='lat' dir='ltr'>uno</span> <span class='ocrx_word' id='word_1_164' title='bbox 1921 3868 2070 3935; x_wconf 90' lang='lat' dir='ltr'>alterove</span> 
     </span>
     <span class='ocr_line' id='line_1_21' title="bbox 261 3973 2070 4062; baseline 0.001 -21"><span class='ocrx_word' id='word_1_165' title='bbox 261 3977 404 4061; x_wconf 85' lang='lat' dir='ltr'>excepto</span> <span class='ocrx_word' id='word_1_166' title='bbox 426 3973 560 4040; x_wconf 85' lang='lat' dir='ltr'>luerunt</span> <span class='ocrx_word' id='word_1_167' title='bbox 582 3974 693 4060; x_wconf 86' lang='lat' dir='ltr'>magis</span> <span class='ocrx_word' id='word_1_168' title='bbox 717 3974 913 4058; x_wconf 86' lang='lat' dir='ltr'>mediocria,</span> <span class='ocrx_word' id='word_1_169' title='bbox 935 3977 1007 4041; x_wconf 90' lang='lat' dir='ltr'>tum</span> <span class='ocrx_word' id='word_1_170' title='bbox 1031 3973 1160 4041; x_wconf 90' lang='lat' dir='ltr'>saeculi</span> <span class='ocrx_word' id='word_1_171' title='bbox 1185 3974 1288 4041; x_wconf 88' lang='lat' dir='ltr'>totius</span> <span class='ocrx_word' id='word_1_172' title='bbox 1310 3973 1422 4041; x_wconf 88' lang='lat' dir='ltr'>studia</span> <span class='ocrx_word' id='word_1_173' title='bbox 1446 3973 1604 4041; x_wconf 90' lang='lat' dir='ltr'>litteraria</span> <span class='ocrx_word' id='word_1_174' title='bbox 1620 3978 1653 4041; x_wconf 87' lang='lat' dir='ltr'>et</span> <span class='ocrx_word' id='word_1_175' title='bbox 1668 3974 1842 4041; x_wconf 92' lang='lat' dir='ltr'>scribendi</span> <span class='ocrx_word' id='word_1_176' title='bbox 1865 3973 2070 4062; x_wconf 89' lang='lat' dir='ltr'>dicendique</span> 
     </span>
     <span class='ocr_line' id='line_1_22' title="bbox 260 4078 2070 4170; baseline -0.002 -21"><span class='ocrx_word' id='word_1_177' title='bbox 260 4079 474 4149; x_wconf 89' lang='lat' dir='ltr'>consuetudo</span> <span class='ocrx_word' id='word_1_178' title='bbox 499 4080 610 4166; x_wconf 87' lang='lat' dir='ltr'>magis</span> <span class='ocrx_word' id='word_1_179' title='bbox 633 4101 828 4167; x_wconf 85' lang='lat' dir='ltr'>congruens</span> <span class='ocrx_word' id='word_1_180' title='bbox 851 4086 993 4170; x_wconf 89' lang='lat' dir='ltr'>atqueae</span> <span class='ocrx_word' id='word_1_181' title='bbox 1008 4080 1155 4170; x_wconf 91' lang='lat' dir='ltr'>quabilis</span> <span class='ocrx_word' id='word_1_182' title='bbox 1176 4101 1278 4170; x_wconf 92' lang='lat' dir='ltr'>quam</span> <span class='ocrx_word' id='word_1_183' title='bbox 1307 4079 1510 4168; x_wconf 87' lang='lat' dir='ltr'>principum,</span> <span class='ocrx_word' id='word_1_184' title='bbox 1535 4081 1592 4169; x_wconf 91' lang='lat' dir='ltr'>qui</span> <span class='ocrx_word' id='word_1_185' title='bbox 1617 4081 1728 4169; x_wconf 90' lang='lat' dir='ltr'>primi.</span> <span class='ocrx_word' id='word_1_186' title='bbox 1751 4081 1906 4167; x_wconf 82' lang='lat' dir='ltr'>Angusto</span> <span class='ocrx_word' id='word_1_187' title='bbox 1931 4078 2070 4148; x_wconf 87' lang='lat' dir='ltr'>Caesari</span> 
     </span>
     <span class='ocr_line' id='line_1_23' title="bbox 259 4190 637 4256; baseline -0.008 0"><span class='ocrx_word' id='word_1_188' title='bbox 259 4190 500 4256; x_wconf 87' lang='lat' dir='ltr'>successerunt</span> <span class='ocrx_word' id='word_1_189' title='bbox 521 4190 637 4254; x_wconf 87' lang='lat' dir='ltr'>aetate.</span> 
     </span>
    </p>

    <p class='ocr_par' dir='ltr' id='par_1_10' title="bbox 260 4293 2070 4469">
     <span class='ocr_line' id='line_1_24' title="bbox 419 4293 2070 4383; baseline 0.001 -22"><span class='ocrx_word' id='word_1_190' title='bbox 419 4294 469 4362; x_wconf 82' lang='lat' dir='ltr'>Ac</span> <span class='ocrx_word' id='word_1_191' title='bbox 504 4293 651 4381; x_wconf 90' lang='lat' dir='ltr'>primum</span> <span class='ocrx_word' id='word_1_192' title='bbox 684 4295 824 4383; x_wconf 90' lang='lat' dir='ltr'>quidem</span> <span class='ocrx_word' id='word_1_193' title='bbox 859 4295 922 4363; x_wconf 89' lang='lat' dir='ltr'>erit</span> <span class='ocrx_word' id='word_1_194' title='bbox 954 4297 1108 4361; x_wconf 87' lang='lat' dir='ltr'>nostrum</span> <span class='ocrx_word' id='word_1_195' title='bbox 1145 4297 1340 4381; x_wconf 91' lang='lat' dir='ltr'>temporum</span> <span class='ocrx_word' id='word_1_196' title='bbox 1375 4293 1525 4360; x_wconf 88' lang='lat' dir='ltr'>studium</span> <span class='ocrx_word' id='word_1_197' title='bbox 1560 4299 1641 4360; x_wconf 91' lang='lat' dir='ltr'>tunc</span> <span class='ocrx_word' id='word_1_198' title='bbox 1673 4294 1918 4381; x_wconf 87' lang='lat' dir='ltr'>ingravescens</span> <span class='ocrx_word' id='word_1_199' title='bbox 1951 4293 2070 4381; x_wconf 88' lang='lat' dir='ltr'>paucis</span> 
     </span>
     <span class='ocr_line' id='line_1_25' title="bbox 260 4401 464 4469; baseline 0 -2"><span class='ocrx_word' id='word_1_200' title='bbox 260 4401 464 4469; x_wconf 89' lang='lat' dir='ltr'>describere.</span> 
     </span>
    </p>

    <p class='ocr_par' dir='ltr' id='par_1_11' title="bbox 258 4505 2072 4909">
     <span class='ocr_line' id='line_1_26' title="bbox 420 4505 2071 4596; baseline -0.001 -22"><span class='ocrx_word' id='word_1_201' title='bbox 420 4506 518 4587; x_wconf 84' lang='lat' dir='ltr'>„Non</span> <span class='ocrx_word' id='word_1_202' title='bbox 543 4506 712 4573; x_wconf 92' lang='lat' dir='ltr'>immerito</span> <span class='ocrx_word' id='word_1_203' title='bbox 736 4507 804 4574; x_wconf 93' lang='lat' dir='ltr'>dici</span> <span class='ocrx_word' id='word_1_204' title='bbox 826 4511 938 4596; x_wconf 87' lang='lat' dir='ltr'>potest</span> <span class='ocrx_word' id='word_1_205' title='bbox 960 4507 1002 4574; x_wconf 89' lang='lat' dir='ltr'>ad</span> <span class='ocrx_word' id='word_1_206' title='bbox 1036 4508 1162 4574; x_wconf 92' lang='lat' dir='ltr'>nullam</span> <span class='ocrx_word' id='word_1_207' title='bbox 1190 4506 1260 4573; x_wconf 86' lang='lat' dir='ltr'>iere</span> <span class='ocrx_word' id='word_1_208' title='bbox 1284 4506 1498 4595; x_wconf 89' lang='lat' dir='ltr'>antiquarum</span> <span class='ocrx_word' id='word_1_209' title='bbox 1523 4505 1707 4573; x_wconf 89' lang='lat' dir='ltr'>litterarum</span> <span class='ocrx_word' id='word_1_210' title='bbox 1731 4509 1875 4573; x_wconf 87' lang='lat' dir='ltr'>aetatem</span> <span class='ocrx_word' id='word_1_211' title='bbox 1901 4506 2071 4573; x_wconf 89' lang='lat' dir='ltr'>illustran-</span> 
     </span>
     <span class='ocr_line' id='line_1_27' title="bbox 259 4610 2072 4702; baseline 0.001 -25"><span class='ocrx_word' id='word_1_212' title='bbox 259 4611 337 4678; x_wconf 91' lang='lat' dir='ltr'>dam</span> <span class='ocrx_word' id='word_1_213' title='bbox 369 4611 483 4680; x_wconf 90' lang='lat' dir='ltr'>utilius</span> <span class='ocrx_word' id='word_1_214' title='bbox 514 4612 747 4680; x_wconf 89' lang='lat' dir='ltr'>adiumentum</span> <span class='ocrx_word' id='word_1_215' title='bbox 771 4618 953 4702; x_wconf 88' lang='lat' dir='ltr'>suppetere</span> <span class='ocrx_word' id='word_1_216' title='bbox 988 4633 1091 4702; x_wconf 90' lang='lat' dir='ltr'>qnam</span> <span class='ocrx_word' id='word_1_217' title='bbox 1116 4613 1250 4702; x_wconf 91' lang='lat' dir='ltr'>quoad</span> <span class='ocrx_word' id='word_1_218' title='bbox 1275 4613 1424 4701; x_wconf 90' lang='lat' dir='ltr'>primum</span> <span class='ocrx_word' id='word_1_219' title='bbox 1446 4633 1477 4700; x_wconf 91' lang='lat' dir='ltr'>p.</span> <span class='ocrx_word' id='word_1_220' title='bbox 1500 4610 1580 4679; x_wconf 90' lang='lat' dir='ltr'>Chr.</span> <span class='ocrx_word' id='word_1_221' title='bbox 1604 4613 1779 4679; x_wconf 88' lang='lat' dir='ltr'>saeculum</span> <span class='ocrx_word' id='word_1_222' title='bbox 1806 4614 1940 4695; x_wconf 88' lang='lat' dir='ltr'>utimur,</span> <span class='ocrx_word' id='word_1_223' title='bbox 1964 4610 2072 4680; x_wconf 88' lang='lat' dir='ltr'>Sene-</span> 
     </span>
     <span class='ocr_line' id='line_1_28' title="bbox 259 4717 2070 4807; baseline 0.001 -23"><span class='ocrx_word' id='word_1_224' title='bbox 259 4737 318 4784; x_wconf 89' lang='lat' dir='ltr'>cae</span> <span class='ocrx_word' id='word_1_225' title='bbox 338 4719 442 4805; x_wconf 88' lang='lat' dir='ltr'>patris</span> <span class='ocrx_word' id='word_1_226' title='bbox 465 4718 605 4807; x_wconf 84' lang='lat' dir='ltr'>opus“¹)</span> <span class='ocrx_word' id='word_1_227' title='bbox 629 4719 830 4807; x_wconf 89' lang='lat' dir='ltr'>inscriptum</span> <span class='ocrx_word' id='word_1_228' title='bbox 855 4719 1007 4800; x_wconf 82' lang='lat' dir='ltr'>„Annaei</span> <span class='ocrx_word' id='word_1_229' title='bbox 1031 4717 1185 4787; x_wconf 89' lang='lat' dir='ltr'>Senecae</span> <span class='ocrx_word' id='word_1_230' title='bbox 1209 4724 1382 4788; x_wconf 89' lang='lat' dir='ltr'>oratorum</span> <span class='ocrx_word' id='word_1_231' title='bbox 1407 4724 1440 4787; x_wconf 89' lang='lat' dir='ltr'>et</span> <span class='ocrx_word' id='word_1_232' title='bbox 1462 4720 1635 4786; x_wconf 88' lang='lat' dir='ltr'>rhetorum</span> <span class='ocrx_word' id='word_1_233' title='bbox 1659 4719 1857 4801; x_wconf 87' lang='lat' dir='ltr'>sententiae,</span> <span class='ocrx_word' id='word_1_234' title='bbox 1880 4718 2070 4786; x_wconf 91' lang='lat' dir='ltr'>divisiones</span> 
     </span>
     <span class='ocr_line' id='line_1_29' title="bbox 258 4825 1697 4909; baseline 0.003 -19"><span class='ocrx_word' id='word_1_235' title='bbox 258 4825 413 4891; x_wconf 86' lang='lat' dir='ltr'>colores“</span> <span class='ocrx_word' id='word_1_236' title='bbox 438 4846 478 4893; x_wconf 92' lang='lat' dir='ltr'>ae</span> <span class='ocrx_word' id='word_1_237' title='bbox 503 4847 607 4893; x_wconf 93' lang='lat' dir='ltr'>unum</span> <span class='ocrx_word' id='word_1_238' title='bbox 632 4827 873 4909; x_wconf 88' lang='lat' dir='ltr'>suasoriarum,</span> <span class='ocrx_word' id='word_1_239' title='bbox 896 4827 1017 4893; x_wconf 92' lang='lat' dir='ltr'>decem</span> <span class='ocrx_word' id='word_1_240' title='bbox 1041 4826 1351 4894; x_wconf 89' lang='lat' dir='ltr'>controversiarum</span> <span class='ocrx_word' id='word_1_241' title='bbox 1376 4826 1483 4893; x_wconf 92' lang='lat' dir='ltr'>libros</span> <span class='ocrx_word' id='word_1_242' title='bbox 1506 4826 1697 4894; x_wconf 88' lang='lat' dir='ltr'>continens.</span> 
     </span>
    </p>
   </div>
   <div class='ocr_carea' id='block_1_5' title="bbox 259 4936 472 4943">
    <p class='ocr_par' dir='ltr' id='par_1_12' title="bbox 259 4936 472 4943">
     <span class='ocr_line' id='line_1_30' title="bbox 259 4936 472 4943; baseline 0.005 -1"><span class='ocrx_word' id='word_1_243' title='bbox 259 4936 472 4943; x_wconf 46' lang='grc' dir='ltr'><strong>...μ-...ᾑ-</strong></span> 
     </span>
    </p>
   </div>
   <div class='ocr_carea' id='block_1_6' title="bbox 418 4966 1117 5041">
    <p class='ocr_par' dir='ltr' id='par_1_13' title="bbox 418 4966 1117 5041">
     <span class='ocr_line' id='line_1_31' title="bbox 418 4966 1117 5041; baseline 0 -19"><span class='ocrx_word' id='word_1_244' title='bbox 418 4966 441 5035; x_wconf 86' lang='lat'>1)</span> <span class='ocrx_word' id='word_1_245' title='bbox 461 4968 533 5023; x_wconf 86' lang='lat' dir='ltr'>Leo:</span> <span class='ocrx_word' id='word_1_246' title='bbox 551 4969 669 5025; x_wconf 84' lang='lat' dir='ltr'>observ.</span> <span class='ocrx_word' id='word_1_247' title='bbox 689 4969 751 5026; x_wconf 86' lang='lat' dir='ltr'>crit.</span> <span class='ocrx_word' id='word_1_248' title='bbox 770 4968 808 5025; x_wconf 88' lang='lat' dir='ltr'>ad</span> <span class='ocrx_word' id='word_1_249' title='bbox 827 4967 896 5025; x_wconf 88' lang='lat' dir='ltr'>Sen.</span> <span class='ocrx_word' id='word_1_250' title='bbox 915 4971 988 5039; x_wconf 85' lang='lat' dir='ltr'>trag.</span> <span class='ocrx_word' id='word_1_251' title='bbox 1007 4984 1037 5041; x_wconf 89' lang='lat' dir='ltr'>p.</span> <span class='ocrx_word' id='word_1_252' title='bbox 1058 4970 1117 5023; x_wconf 80' lang='lat'>149.</span> 
     </span>
    </p>
   </div>
   <div class='ocr_carea' id='block_1_7' title="bbox 0 0 2342 5575">
    <p class='ocr_par' dir='ltr' id='par_1_14' title="bbox 0 0 2342 5575">
     <span class='ocr_line' id='line_1_32' title="bbox 0 0 2342 5575; baseline 0 3"><span class='ocrx_word' id='word_1_253' title='bbox 0 0 2342 5575; x_wconf 95' lang='lat' dir='ltr'> </span> 
     </span>
    </p>
   </div>
  </div>
 </body>
</html>
