4675 5575
1142 355 1163 410 b

249 554 381 625 Seneca
405 558 438 624 et
460 556 611 624 Tacitus:
634 556 712 625 Tac.
734 558 811 626 dial.
834 560 893 625 20:
917 557 1059 626 invenes
1083 558 1209 626 reterre
1226 557 1368 624 domum
1385 557 1512 648 aliquid
1529 558 1659 625 illustre
1681 560 1713 625 el
1727 557 1872 644 dignum
1897 560 2073 628 memoria

247 663 365 730 volunt
387 663 590 754 traduntque
616 664 762 732 invicem
786 684 825 732 ac
851 684 955 753 saepe
980 665 1013 731 in
1037 665 1193 733 colonias
1218 685 1258 732 ac
1281 664 1475 752 provincias
1497 684 1578 732 suas
1603 664 1763 732 scribunt.

408 769 484 837 dial.
513 773 565 836 10:
588 771 673 838 haec
698 771 730 838 in
756 771 843 859 ipsis
866 771 1043 838 auditoriis
1067 770 1252 859 praecipue
1277 771 1405 839 laudari
1422 774 1456 838 et
1472 791 1554 838 mox
1574 771 1730 838 omnium
1748 771 1969 839 sermonibus
1984 773 2072 840 lerri

408 872 486 943 Sen.
509 896 599 944 suas.
619 879 648 961 2,
677 881 727 944 10:
751 879 866 946 recolo
891 878 975 945 nihil
999 878 1105 945 luisse
1134 897 1189 944 me
1214 877 1337 955 invene
1367 881 1436 945 tam
1461 881 1580 945 notum
1605 896 1707 965 quam
1731 878 1803 945 has·
1817 878 2072 966 explicationes

248 981 356 1065 Fusci,
379 1002 465 1070 quas
489 1002 593 1051 nemo
618 987 863 1051 nostrumnon
900 984 986 1051 alius
1011 984 1076 1052 alia
1100 984 1318 1052 inclinatione
1341 984 1438 1052 vocis
1460 985 1551 1052 velut
1574 1004 1636 1052 sua
1659 984 1806 1074 quisque
1830 985 2074 1054 modulatione

247 1088 431 1156 cantabat.“
479 1086 642 1158 Similiter
672 1087 924 1173 Quinctilianus
963 1091 1006 1158 de
1045 1091 1279 1158 similitudinis
1301 1091 1421 1178 liguris
1444 1092 1548 1159 verba
1572 1090 1701 1159 iaciens
1725 1091 1820 1159 dicit:
1870 1111 1977 1180 ,quae
2001 1114 2057 1160 me

248 1194 369 1263 iuvene
393 1196 520 1284 ubique
544 1196 671 1264 cantari
696 1197 860 1264 solebant
910 1196 951 1283 (V
954 1196 1004 1263 lll.
1027 1199 1058 1263 3.
1081 1199 1148 1283 lb).

406 1301 543 1370 Tacitus
566 1302 609 1370 de
634 1323 672 1371 se
696 1303 770 1391 ipse
794 1303 972 1392 proliletur
985 1303 1019 1369 in
1044 1303 1120 1372 dial.
1143 1307 1177 1370 3:
1201 1324 1267 1391 ego
1292 1305 1325 1371 in
1350 1304 1486 1371 iudiciis
1511 1323 1580 1371 non
1605 1308 1766 1393 utrasque
1791 1307 1852 1391 (sc.
1876 1304 2005 1393 Aprum
2030 1309 2064 1372 et

246 1405 444 1476 Secundum
469 1412 708 1498 praeceptores
738 1411 835 1494 suos)
867 1411 972 1478 modo
1001 1410 1154 1479 studiose
1182 1411 1374 1494 audiebam,
1406 1410 1467 1478 sed
1492 1410 1588 1478 domi
1622 1430 1760 1500 quoque
1790 1414 1823 1479 et
1856 1411 1890 1477 in
1923 1411 2063 1499 publico

245 1515 447 1583 adsectabar
477 1516 579 1585 mira
612 1516 848 1584 studiorum
889 1517 1123 1606 cupiditate
1159 1522 1199 1586 et
1235 1518 1411 1607 quodam
1452 1517 1598 1585 ardore
1637 1517 1822 1599 iuvenili,
1859 1522 1894 1584 ut
1930 1518 2064 1585 tabulas

246 1641 385 1711 quoque
422 1642 541 1690 eorum
580 1627 613 1690 et
640 1622 888 1711 disputationes
912 1629 946 1692 et
972 1644 1096 1693 arcana
1135 1631 1288 1693 semotae
1323 1624 1483 1692 dictionis
1514 1624 1651 1713 penitus
1681 1624 1860 1713 eriperem.
1905 1624 2062 1692 eiusdem

246 1728 395 1817 denique
433 1730 480 1797 rei
511 1730 608 1798 testis
638 1736 690 1798 est
718 1730 792 1819 ipse
818 1730 949 1799 Seneca
981 1732 1105 1820 rhetor,
1136 1732 1266 1821 quippe
1289 1731 1347 1821 qui
1378 1734 1505 1798 tantam
1536 1731 1779 1799 sententiarum
1812 1751 2063 1821 causarumque

246 1837 375 1904 molem
402 1857 489 1926 quas
512 1837 591 1905 inde
615 1857 635 1904 a
659 1837 801 1925 pueritia
825 1838 858 1904 in
884 1838 1191 1906 declamationibus
1214 1838 1432 1905 scholasticis
1461 1838 1623 1920 audierat
1652 1839 1756 1906 menti
1780 1858 1863 1906 suae
1886 1842 2062 1926 tantopere

245 1944 399 2012 habuerit
423 1943 572 2026 inlixam,
600 1947 635 2010 ut
659 1964 766 2011 senex
787 1949 907 2032 posset
933 1944 1120 2013 memoriae
1145 1945 1300 2033 prodere.

404 2051 473 2119 lam
497 2052 580 2120 satis
615 2051 698 2118 mihi
730 2051 849 2118 videor
876 2051 1134 2119 demonstrasse
1162 2052 1352 2119 studiorum
1384 2051 1485 2118 huius
1513 2051 1640 2119 saeculi
1679 2052 1963 2119 scholasticorum
2001 2074 2071 2140 per·

245 2179 384 2225 omnem
407 2159 510 2226 vitam
534 2158 778 2226 auctoritatem.
1725 2223 1727 2228 .

405 2264 533 2347 „Roma
555 2265 760 2332 auditorium
786 2284 950 2351 magnum
976 2266 1101 2332 lactum
1126 2271 1187 2346 est,
1210 2266 1267 2331 ubi
1292 2264 1527 2332 recitationum
1545 2266 1714 2334 clamores
1732 2266 1765 2332 in
1785 2265 1948 2332 omnibus
1964 2265 2058 2332 urbis

246 2372 445 2460 regionibus
467 2373 689 2461 strepebant.“
704 2371 730 2455 ¹)

406 2478 607 2567 Priusquam
631 2500 713 2546 vero
737 2499 805 2568 qua
828 2476 928 2546 luerit
960 2478 1156 2546 auctoritate
1189 2478 1300 2566 primo
1333 2499 1363 2566 p.
1395 2477 1474 2546 Chr.
1505 2480 1645 2546 saeculo
1677 2479 1710 2545 in
1742 2479 1861 2547 litteris
1891 2478 2060 2547 Romanis

245 2587 450 2655 scholastica
473 2586 529 2653 illa
553 2586 757 2675 eloquentia,
785 2606 929 2653 necesse
960 2589 1021 2668 est,
1050 2584 1161 2674 qualis
1187 2584 1287 2651 luerit
1317 2584 1391 2672 ipsa
1422 2585 1618 2674 quibusque
1651 2586 1684 2651 in
1715 2586 1818 2652 rebus
1846 2590 1979 2653 versata
2009 2586 2060 2669 sit,

245 2694 363 2783 paucis
422 2692 601 2760 disserere.
690 2691 868 2760 Contraria
922 2696 992 2760 erat
1039 2692 1254 2779 eloquentiae
1300 2711 1408 2758 novae
1462 2692 1600 2780 antiqua
1647 2693 1843 2781 eloquentia
1904 2692 1968 2759 lori
2027 2695 2060 2759 et

245 2802 460 2869 iudiciorum.
507 2800 601 2868 llaec
628 2801 733 2868 libera
756 2801 804 2867 rei
828 2801 996 2889 publicae,
1028 2799 1083 2867 illa
1114 2798 1259 2887 imperio
1289 2796 1477 2865 Caesarum
1509 2799 1662 2866 llorebal.
1697 2800 1811 2887 ltaque
1843 2800 1876 2866 in
1910 2799 2059 2866 Labieno

245 2912 323 2990 erat,
360 2907 471 2974 iudice
496 2905 628 2974 Seneca
668 2908 715 2994 (in
747 2909 850 2996 prael.
885 2910 978 2991 105),
1014 2906 1129 2988 „color
1159 2905 1324 2972 orationis
1353 2905 1520 2993 antiquae,
1554 2905 1653 2992 vigor
1683 2926 1801 2987 novae,
1834 2908 1944 2973 cultus
1974 2905 2064 2974 inter

244 3020 398 3083 nostrum
422 3036 462 3082 ac
486 3014 581 3103 prius
605 3015 779 3082 saeculum
805 3015 968 3082 medius“.
1015 3014 1069 3099 (cl.
1093 3011 1172 3079 Tac.
1195 3011 1271 3078 dial.
1299 3013 1362 3095 19.)

405 3122 527 3188 Forum
550 3141 590 3188 ac
614 3122 770 3189 scholam
795 3142 849 3189 res
874 3142 951 3189 esse
976 3119 1163 3188 contrarias
1188 3119 1221 3185 in
1250 3120 1353 3206 prael.
1369 3121 1441 3185 3.12
1471 3119 1681 3206 descriptum
1698 3119 1874 3187 videmus:
1900 3139 1998 3199 ,cum
2025 3120 2061 3185 in

244 3233 318 3299 loro
350 3230 438 3311 dico,
467 3228 594 3317 aliquid
627 3248 703 3315 ago,
735 3250 813 3296 cum
846 3229 1013 3309 declamo,
1035 3278 1069 3293 ..
1093 3277 1100 3293 .
1123 3226 1242 3293 videor
1272 3224 1355 3292 mihi
1387 3226 1420 3291 in
1451 3226 1598 3292 somniis
1628 3227 1782 3295 laborare
1806 3277 1814 3292 .
1836 3279 1843 3292 .
1867 3278 1874 3292 .
1898 3246 1953 3293 res
1984 3226 2058 3312 ipsa

244 3339 378 3407 diversa
401 3339 595 3403 estztotum
619 3336 711 3403 aliud
736 3342 787 3403 est
809 3355 972 3423 pugnare,
996 3335 1086 3401 aliud
1111 3334 1274 3401 ventilare
1298 3383 1306 3398 .
1329 3385 1336 3399 .
1360 3383 1367 3397 .
1391 3333 1520 3399 scolam
1553 3333 1650 3421 quasi
1682 3334 1799 3401 ludum
1831 3353 1916 3412 esse,
1944 3333 2056 3396 lorum

244 3463 528 3513 arenam....non
538 3447 597 3524 est,
610 3442 703 3532 quod
713 3447 883 3509 oratorem
897 3441 930 3507 in
947 3443 1011 3508 hac
1028 3441 1149 3529 puerili
1169 3439 1410 3508 exercitatione
1426 3445 1589 3527 spectes.“
1600 3441 1639 3507 cl.
1656 3461 1703 3527 pr.
1719 3436 1896 3521 <aa-572)
1913 3435 2058 3503 Summa

243 3556 356 3620 autem
381 3553 432 3617 est
447 3549 602 3616 acerrimi
625 3549 740 3615 indicii
757 3546 919 3630 Senecae,
937 3568 1013 3615 cum
1034 3547 1116 3614 dicit
1135 3546 1208 3614 ibd:
1232 3546 1301 3625 ,.in
1316 3545 1521 3613 scholastica
1533 3546 1615 3635 quid
1633 3566 1700 3612 non
1721 3564 1971 3633 supervacuum
1997 3549 2057 3625 est,

244 3681 322 3727 curn
348 3658 422 3745 ipsa
444 3676 656 3745 supervacua
678 3656 750 3738 sit,“
797 3659 830 3722 et
852 3657 954 3744 prael.
983 3655 1168 3737 10.1:,hoc
1193 3653 1319 3720 habent
1341 3653 1624 3720 scholasticorum
1657 3651 1791 3720 studia:
1830 3650 1945 3718 leviter
1961 3653 2059 3732 tacta,

243 3766 421 3847 delectant,
443 3766 648 3831 contrectata
672 3766 704 3830 et
728 3763 886 3851 proprius
910 3762 1056 3829 adducta
1080 3760 1216 3828 lastidio
1239 3764 1345 3826 sunt.“

404 3872 439 3938 ln
463 3870 585 3937 talibus
610 3869 824 3958 proterendis
848 3869 983 3936 iudiciis
1008 3888 1131 3935 omnes
1160 3868 1230 3934 lere
1262 3866 1389 3933 saeculi
1420 3866 1605 3955 scriptores
1635 3864 1897 3949 consentiuntss)
1929 3866 2059 3932 mirum-

242 4002 332 4063 vero,
352 3998 454 4067 quam
478 3997 550 4044 rem
575 3996 699 4043 omnes
722 3977 792 4043 lere
816 3976 966 4043 lastidire
995 3975 1117 4055 dicant,
1148 3994 1270 4040 omnes
1301 3973 1371 4040 lere
1400 3974 1545 4040 sectari:
1583 3993 1694 4061 neque
1725 3973 1817 4039 enim
1849 3979 1990 4062 putatur,
2022 3975 2057 4036 ut

242 4090 382 4175 apparet
405 4106 447 4152 ex
471 4082 604 4151 Seneca
627 4086 731 4149 contr.
760 4086 860 4150 l.8.lb
882 4082 1043 4166 „solidius
1067 4080 1195 4168 alipuid
1220 4080 1337 4168 scripti
1360 4086 1489 4166 genus“
1521 4079 1724 4147 declamatio
1750 4081 1962 4148 scholastica.

401 4190 561 4271 Materiis,
584 4210 671 4278 quae
685 4191 911 4257 tractabantur
926 4210 945 4256 a
960 4186 1247 4255 declamatoribus
1267 4186 1481 4253 scholasticis
1499 4187 1634 4253 crimini
1652 4186 1802 4269 dabatur,
1821 4184 1913 4276 quod
1928 4182 2055 4265 „lictae

242 4305 336 4369 erant
359 4318 472 4388 neque
496 4298 565 4364 ullo
590 4297 695 4364 modo
719 4297 760 4364 ad
784 4297 957 4363 veritatem
981 4294 1204 4362 accedentes“
1227 4298 1328 4381 atque
1352 4313 1371 4359 a
1394 4294 1469 4359 loro
1483 4294 1639 4381 vitaeque
1658 4314 1721 4360 usu
1739 4294 1869 4361 alienae
1883 4291 2054 4375 „linguam

241 4407 346 4474 modo
371 4409 404 4472 et
425 4424 546 4471 vocem
571 4403 793 4470 exercebant‘
807 4401 984 4488 (Tacdial.
1000 4403 1065 4488 35).
1090 4400 1210 4490 Neque
1235 4400 1335 4481 enim,
1360 4406 1394 4466 ut
1412 4401 1541 4488 populo
1558 4405 1591 4467 et
1608 4401 1779 4467 indicibus
1794 4397 2061 4486 persuaderetur

241 4536 281 4583 ac
305 4513 370 4582 soli
394 4511 471 4578 usui
496 4510 687 4593 serviretur,
711 4511 743 4576 in
768 4509 916 4595 negotiis
939 4508 1107 4597 seriisque
1139 4508 1242 4574 rebus
1265 4508 1486 4572 versabantur
1517 4505 1774 4585 declamatores,
1797 4504 1859 4569 sed
1884 4506 1919 4568 ut
1941 4503 2055 4568 delec-

245 4644 317 4651 ...--.
326 4640 458 4649 .-—...-·

405 4670 427 4739 ¹)
446 4668 557 4725 Smlth:
585 4670 631 4725 Dc
652 4672 713 4724 arte
732 4668 805 4724 rhet.
825 4668 854 4723 in
874 4666 941 4723 Sen.
961 4671 1026 4737 trag
1045 4666 1208 4738 perspicua
1227 4665 1309 4720 Dias.
1330 4665 1429 4737 Leipz.
1451 4666 1520 4719 1885
1540 4683 1568 4737 p.
1587 4668 1613 4721 3.

399 4742 423 4811 2)
445 4742 489 4811 ,in
509 4740 700 4797 scholasticis
719 4740 984 4797 declamationibus
1003 4778 1011 4793 .
1030 4778 1037 4794 .
1056 4739 1157 4794 omnia
1178 4737 1314 4793 molliora
1333 4740 1363 4792 et
1383 4736 1529 4793 solutiora
1542 4741 1619 4793 sunt.
1639 4736 1668 4790 in
1683 4736 1747 4818 loro
1762 4736 1876 4805 partem
1896 4732 2054 4819 accipiunt,

240 4815 270 4870 in
289 4813 394 4871 schola
413 4814 542 4885 eligunt,
562 4813 623 4868 illic
644 4812 734 4867 iudici
754 4811 950 4877 blandiuntur,
970 4810 1018 4866 hic
1037 4810 1199 4881 imperant;
1219 4809 1281 4864 illic
1301 4808 1376 4863 inter
1395 4808 1544 4863 tremitum
1565 4810 1757 4864 consonantis
1772 4806 1876 4861 turbae
1896 4808 2056 4862 intenden-

244 4888 300 4941 dus
319 4885 435 4941 animus
455 4888 510 4953 cst,
528 4901 586 4940 vox
606 4885 643 4940 ad
663 4900 749 4939 aures
769 4882 875 4938 iudicis
894 4883 1070 4953 perferenda
1089 4912 1125 4921 -
1144 4881 1193 4938 hic
1212 4898 1249 4937 ex
1268 4880 1349 4935 vultu
1370 4879 1497 4936 dIcentis
1519 4880 1652 4950 pendent
1670 4877 1802 4932 omnium
1821 4878 1929 4933 vultus.

401 4957 426 5027 3)
444 4957 524 5012 velut
542 4955 661 5027 Quinct.
682 4958 801 5021 10.5.17;
819 4956 924 5020 2.10.a;
947 4955 1067 5008 12.ll.l5
1087 4952 1206 5008 Petron.
1228 4952 1370 5008 1.3.Tac.
1389 4952 1458 5008 dial.
1477 4954 1521 5013 25,
1542 4950 1600 5006 luv.
1622 4952 1681 5004 l.15
1700 4949 1781 5004 Pers.
1799 4951 1864 5004 &44
1877 4954 1934 5006 etc.
