<?xml version="1.0" encoding="UTF-8"?>
<!DOCTYPE html PUBLIC "-//W3C//DTD XHTML 1.0 Transitional//EN"
    "http://www.w3.org/TR/xhtml1/DTD/xhtml1-transitional.dtd">
<html xmlns="http://www.w3.org/1999/xhtml" xml:lang="en" lang="en">
 <head>
  <title>
</title>
<meta http-equiv="Content-Type" content="text/html;charset=utf-8" />
  <meta name='ocr-system' content='tesseract 3.04.00' />
  <meta name='ocr-capabilities' content='ocr_page ocr_carea ocr_par ocr_line ocrx_word'/>
</head>
<body>
  <div class='ocr_page' id='page_1' title='image "./depriorumscript00ltgoog_0021.png"; bbox 0 0 4675 5575; ppageno 0'>
   <div class='ocr_carea' id='block_1_1' title="bbox 1109 317 1147 383">
    <p class='ocr_par' dir='ltr' id='par_1_1' title="bbox 1109 317 1147 383">
     <span class='ocr_line' id='line_1_1' title="bbox 1109 317 1147 383; baseline -0.053 0"><span class='ocrx_word' id='word_1_1' title='bbox 1109 317 1147 383; x_wconf 90' lang='grc'><strong>17</strong></span> 
     </span>
    </p>
   </div>
   <div class='ocr_carea' id='block_1_2' title="bbox 215 513 2041 3066">
    <p class='ocr_par' dir='ltr' id='par_1_2' title="bbox 324 513 2032 709">
     <span class='ocr_line' id='line_1_2' title="bbox 324 513 2032 617; baseline -0.006 -11"><span class='ocrx_word' id='word_1_2' title='bbox 324 534 404 606; x_wconf 89' lang='lat' dir='ltr'><strong>Sen.</strong></span> <span class='ocrx_word' id='word_1_3' title='bbox 427 536 534 602; x_wconf 93' lang='lat' dir='ltr'><strong>contr.</strong></span> <span class='ocrx_word' id='word_1_4' title='bbox 563 535 610 615; x_wconf 90' lang='grc'><strong>10,</strong></span> <span class='ocrx_word' id='word_1_5' title='bbox 632 534 663 614; x_wconf 98' lang='grc'><strong>2,</strong></span> <span class='ocrx_word' id='word_1_6' title='bbox 685 533 719 597; x_wconf 87' lang='grc'><strong>3;</strong></span> <span class='ocrx_word' id='word_1_7' title='bbox 744 529 901 617; x_wconf 89' lang='lat' dir='ltr'><strong>,magnis</strong></span> <span class='ocrx_word' id='word_1_8' title='bbox 923 528 1019 614; x_wconf 91' lang='lat' dir='ltr'><strong>parui</strong></span> <span class='ocrx_word' id='word_1_9' title='bbox 1045 526 1236 612; x_wconf 78' lang='lat' dir='ltr'><strong>exemplis“</strong></span> <span class='ocrx_word' id='word_1_10' title='bbox 1262 513 1389 594; x_wconf 84' lang='lat' dir='ltr'><strong>dictum</strong></span> <span class='ocrx_word' id='word_1_11' title='bbox 1418 547 1481 612; x_wconf 92' lang='lat' dir='ltr'><strong>pro</strong></span> <span class='ocrx_word' id='word_1_12' title='bbox 1510 526 1602 610; x_wconf 92' lang='lat' dir='ltr'><strong>viris,</strong></span> <span class='ocrx_word' id='word_1_13' title='bbox 1630 526 1689 613; x_wconf 90' lang='lat' dir='ltr'><strong>qui</strong></span> <span class='ocrx_word' id='word_1_14' title='bbox 1723 547 1847 615; x_wconf 90' lang='lat' dir='ltr'><strong>magna</strong></span> <span class='ocrx_word' id='word_1_15' title='bbox 1872 530 2032 613; x_wconf 84' lang='lat' dir='ltr'><strong>exempla</strong></span> 
     </span>
     <span class='ocr_line' id='line_1_3' title="bbox 432 639 621 709; baseline -0.021 0"><span class='ocrx_word' id='word_1_16' title='bbox 432 639 621 709; x_wconf 88' lang='lat' dir='ltr'><strong>ediderunt.</strong></span> 
     </span>
    </p>

    <p class='ocr_par' dir='ltr' id='par_1_3' title="bbox 325 739 2034 836">
     <span class='ocr_line' id='line_1_4' title="bbox 325 739 2034 836; baseline -0.005 -20"><span class='ocrx_word' id='word_1_17' title='bbox 325 745 405 816; x_wconf 91' lang='lat' dir='ltr'><strong>Sen.</strong></span> <span class='ocrx_word' id='word_1_18' title='bbox 428 748 587 836; x_wconf 34' lang='lat' dir='ltr'><strong>contr.·9,</strong></span> <span class='ocrx_word' id='word_1_19' title='bbox 609 747 639 826; x_wconf 86' lang='lat'><strong>2,</strong></span> <span class='ocrx_word' id='word_1_20' title='bbox 662 747 718 826; x_wconf 83' lang='lat' dir='ltr'><strong>aa;</strong></span> <span class='ocrx_word' id='word_1_21' title='bbox 741 742 922 812; x_wconf 79' lang='lat' dir='ltr'><strong>Latronem</strong></span> <span class='ocrx_word' id='word_1_22' title='bbox 945 739 1027 808; x_wconf 89' lang='lat' dir='ltr'><strong>lacit</strong></span> <span class='ocrx_word' id='word_1_23' title='bbox 1048 739 1221 808; x_wconf 78' lang='lat' dir='ltr'>dicentem</span> <span class='ocrx_word' id='word_1_24' title='bbox 1240 759 1299 818; x_wconf 88' lang='lat' dir='ltr'><strong>,se</strong></span> <span class='ocrx_word' id='word_1_25' title='bbox 1314 760 1384 807; x_wconf 93' lang='lat' dir='ltr'><strong>non</strong></span> <span class='ocrx_word' id='word_1_26' title='bbox 1399 760 1477 809; x_wconf 88' lang='lat' dir='ltr'><strong>esse</strong></span> <span class='ocrx_word' id='word_1_27' title='bbox 1494 740 1708 827; x_wconf 88' lang='lat' dir='ltr'><strong>magistrum,</strong></span> <span class='ocrx_word' id='word_1_28' title='bbox 1726 740 1788 809; x_wconf 92' lang='lat' dir='ltr'><strong>sed</strong></span> <span class='ocrx_word' id='word_1_29' title='bbox 1801 741 2034 827; x_wconf 83' lang='lat' dir='ltr'><strong>exemplum“.</strong></span> 
     </span>
    </p>

    <p class='ocr_par' dir='ltr' id='par_1_4' title="bbox 325 847 1297 938">
     <span class='ocr_line' id='line_1_5' title="bbox 325 847 1297 938; baseline -0.009 -16"><span class='ocrx_word' id='word_1_30' title='bbox 325 873 416 922; x_wconf 90' lang='lat' dir='ltr'><strong>suas.</strong></span> <span class='ocrx_word' id='word_1_31' title='bbox 439 857 469 921; x_wconf 93' lang='grc'><strong>5.</strong></span> <span class='ocrx_word' id='word_1_32' title='bbox 492 855 526 919; x_wconf 86' lang='grc'><strong>2;</strong></span> <span class='ocrx_word' id='word_1_33' title='bbox 548 850 636 921; x_wconf 89' lang='lat' dir='ltr'><strong>Cato</strong></span> <span class='ocrx_word' id='word_1_34' title='bbox 659 850 796 919; x_wconf 89' lang='lat' dir='ltr'><strong>vivendi</strong></span> <span class='ocrx_word' id='word_1_35' title='bbox 824 847 1063 938; x_wconf 90' lang='lat' dir='ltr'><strong>moriendique</strong></span> <span class='ocrx_word' id='word_1_36' title='bbox 1087 847 1297 931; x_wconf 88' lang='lat' dir='ltr'><strong>exemplum.</strong></span> 
     </span>
    </p>

    <p class='ocr_par' dir='ltr' id='par_1_5' title="bbox 325 953 1509 1045">
     <span class='ocr_line' id='line_1_6' title="bbox 325 953 1509 1045; baseline -0.007 -17"><span class='ocrx_word' id='word_1_37' title='bbox 325 959 429 1045; x_wconf 88' lang='lat' dir='ltr'><strong>prael.</strong></span> <span class='ocrx_word' id='word_1_38' title='bbox 452 961 482 1042; x_wconf 83' lang='lat'><strong>9,</strong></span> <span class='ocrx_word' id='word_1_39' title='bbox 504 961 538 1025; x_wconf 79' lang='lat'><strong>3:</strong></span> <span class='ocrx_word' id='word_1_40' title='bbox 563 957 670 1040; x_wconf 81' lang='lat' dir='ltr'><strong>Latro,</strong></span> <span class='ocrx_word' id='word_1_41' title='bbox 692 954 959 1025; x_wconf 83' lang='lat' dir='ltr'><strong>declamatoriae</strong></span> <span class='ocrx_word' id='word_1_42' title='bbox 982 953 1113 1021; x_wconf 91' lang='lat' dir='ltr'><strong>virtutis</strong></span> <span class='ocrx_word' id='word_1_43' title='bbox 1136 953 1277 1021; x_wconf 92' lang='lat' dir='ltr'><strong>unicum</strong></span> <span class='ocrx_word' id='word_1_44' title='bbox 1301 953 1509 1036; x_wconf 85' lang='lat' dir='ltr'><strong>exemplum.</strong></span> 
     </span>
    </p>

    <p class='ocr_par' dir='ltr' id='par_1_6' title="bbox 217 1058 2034 1475">
     <span class='ocr_line' id='line_1_7' title="bbox 380 1058 2034 1148; baseline -0.004 -14"><span class='ocrx_word' id='word_1_45' title='bbox 380 1066 461 1134; x_wconf 93' lang='lat' dir='ltr'><strong>lnde</strong></span> <span class='ocrx_word' id='word_1_46' title='bbox 484 1064 640 1132; x_wconf 89' lang='lat' dir='ltr'><strong>eiusdem</strong></span> <span class='ocrx_word' id='word_1_47' title='bbox 663 1062 869 1131; x_wconf 77' lang='lat' dir='ltr'><strong>elocutionis</strong></span> <span class='ocrx_word' id='word_1_48' title='bbox 892 1061 992 1148; x_wconf 90' lang='lat' dir='ltr'><strong>origo</strong></span> <span class='ocrx_word' id='word_1_49' title='bbox 1016 1059 1222 1129; x_wconf 89' lang='lat' dir='ltr'><strong>scholastica</strong></span> <span class='ocrx_word' id='word_1_50' title='bbox 1244 1063 1385 1144; x_wconf 89' lang='lat' dir='ltr'><strong>apparet</strong></span> <span class='ocrx_word' id='word_1_51' title='bbox 1407 1058 1497 1143; x_wconf 92' lang='lat' dir='ltr'><strong>apud</strong></span> <span class='ocrx_word' id='word_1_52' title='bbox 1512 1059 1718 1146; x_wconf 80' lang='lat' dir='ltr'><strong>scriptores:</strong></span> <span class='ocrx_word' id='word_1_53' title='bbox 1741 1060 1823 1128; x_wconf 92' lang='lat' dir='ltr'><strong>Vell.</strong></span> <span class='ocrx_word' id='word_1_54' title='bbox 1847 1059 1883 1127; x_wconf 98' lang='lat' dir='ltr'><strong>ll.</strong></span> <span class='ocrx_word' id='word_1_55' title='bbox 1910 1063 1981 1144; x_wconf 87' lang='grc'><strong>100,</strong></span> <span class='ocrx_word' id='word_1_56' title='bbox 2003 1065 2034 1129; x_wconf 94' lang='grc'><strong>4.</strong></span> 
     </span>
     <span class='ocr_line' id='line_1_8' title="bbox 217 1163 2033 1256; baseline -0.004 -14"><span class='ocrx_word' id='word_1_57' title='bbox 217 1173 287 1246; x_wconf 84' lang='lat' dir='ltr'><strong>Val.</strong></span> <span class='ocrx_word' id='word_1_58' title='bbox 310 1176 340 1256; x_wconf 83' lang='lat'><strong>5,</strong></span> <span class='ocrx_word' id='word_1_59' title='bbox 362 1175 393 1254; x_wconf 88' lang='grc'><strong>3,</strong></span> <span class='ocrx_word' id='word_1_60' title='bbox 416 1175 453 1255; x_wconf 79' lang='lat'><strong>33</strong></span> <span class='ocrx_word' id='word_1_61' title='bbox 492 1169 638 1253; x_wconf 86' lang='lat' dir='ltr'><strong>Curt8,</strong></span> <span class='ocrx_word' id='word_1_62' title='bbox 665 1172 712 1251; x_wconf 94' lang='grc'><strong>14,</strong></span> <span class='ocrx_word' id='word_1_63' title='bbox 735 1171 794 1253; x_wconf 88' lang='grc'><strong>42;</strong></span> <span class='ocrx_word' id='word_1_64' title='bbox 821 1172 852 1252; x_wconf 97' lang='grc'><strong>4,</strong></span> <span class='ocrx_word' id='word_1_65' title='bbox 880 1171 927 1251; x_wconf 94' lang='grc'><strong>14,</strong></span> <span class='ocrx_word' id='word_1_66' title='bbox 954 1169 991 1249; x_wconf 89' lang='grc'><strong>5;</strong></span> <span class='ocrx_word' id='word_1_67' title='bbox 1020 1169 1050 1249; x_wconf 96' lang='grc'><strong>4,</strong></span> <span class='ocrx_word' id='word_1_68' title='bbox 1084 1164 1130 1248; x_wconf 68' lang='grc'><strong>111,</strong></span> <span class='ocrx_word' id='word_1_69' title='bbox 1161 1169 1219 1249; x_wconf 75' lang='grc'><strong>55,</strong></span> <span class='ocrx_word' id='word_1_70' title='bbox 1246 1163 1334 1235; x_wconf 92' lang='lat' dir='ltr'><strong>Ovid</strong></span> <span class='ocrx_word' id='word_1_71' title='bbox 1360 1168 1438 1233; x_wconf 86' lang='lat' dir='ltr'><strong>met</strong></span> <span class='ocrx_word' id='word_1_72' title='bbox 1466 1168 1595 1248; x_wconf 88' lang='grc'><strong>1,355;</strong></span> <span class='ocrx_word' id='word_1_73' title='bbox 1620 1169 1649 1250; x_wconf 95' lang='grc'><strong>7,</strong></span> <span class='ocrx_word' id='word_1_74' title='bbox 1674 1168 1824 1250; x_wconf 89' lang='grc'><strong>719;12,</strong></span> <span class='ocrx_word' id='word_1_75' title='bbox 1847 1167 1921 1234; x_wconf 90' lang='grc'><strong>512.</strong></span> <span class='ocrx_word' id='word_1_76' title='bbox 1967 1167 2033 1234; x_wconf 82' lang='grc' dir='ltr'><strong>Ιυν.</strong></span> 
     </span>
     <span class='ocr_line' id='line_1_9' title="bbox 226 1271 2033 1363; baseline -0.003 -16"><span class='ocrx_word' id='word_1_77' title='bbox 226 1283 271 1362; x_wconf 89' lang='grc'><strong>10,</strong></span> <span class='ocrx_word' id='word_1_78' title='bbox 293 1282 358 1347; x_wconf 88' lang='grc'><strong>247</strong></span> <span class='ocrx_word' id='word_1_79' title='bbox 382 1283 444 1347; x_wconf 88' lang='lat' dir='ltr'><strong>etc</strong></span> <span class='ocrx_word' id='word_1_80' title='bbox 490 1278 531 1346; x_wconf 90' lang='lat' dir='ltr'><strong>cl.</strong></span> <span class='ocrx_word' id='word_1_81' title='bbox 554 1277 624 1346; x_wconf 81' lang='lat' dir='ltr'><strong>Vel.</strong></span> <span class='ocrx_word' id='word_1_82' title='bbox 648 1277 679 1359; x_wconf 89' lang='grc'><strong>5,</strong></span> <span class='ocrx_word' id='word_1_83' title='bbox 706 1279 754 1359; x_wconf 90' lang='grc'><strong>10,</strong></span> <span class='ocrx_word' id='word_1_84' title='bbox 776 1278 812 1344; x_wconf 87' lang='grc'><strong>2;</strong></span> <span class='ocrx_word' id='word_1_85' title='bbox 835 1273 932 1341; x_wconf 83' lang='lat' dir='ltr'><strong>llam.</strong></span> <span class='ocrx_word' id='word_1_86' title='bbox 956 1273 1104 1357; x_wconf 85' lang='lat' dir='ltr'><strong>Paullus,</strong></span> <span class='ocrx_word' id='word_1_87' title='bbox 1127 1293 1219 1340; x_wconf 89' lang='lat' dir='ltr'><strong>nunc</strong></span> <span class='ocrx_word' id='word_1_88' title='bbox 1242 1271 1442 1355; x_wconf 88' lang='lat' dir='ltr'><strong>lelicissimi,</strong></span> <span class='ocrx_word' id='word_1_89' title='bbox 1465 1292 1555 1340; x_wconf 93' lang='lat' dir='ltr'><strong>nunc</strong></span> <span class='ocrx_word' id='word_1_90' title='bbox 1580 1273 1763 1341; x_wconf 87' lang='lat' dir='ltr'><strong>miserrimi</strong></span> <span class='ocrx_word' id='word_1_91' title='bbox 1787 1271 1892 1363; x_wconf 89' lang='lat' dir='ltr'><strong>patris</strong></span> <span class='ocrx_word' id='word_1_92' title='bbox 1915 1272 2033 1342; x_wconf 90' lang='lat' dir='ltr'><strong>claris·</strong></span> 
     </span>
     <span class='ocr_line' id='line_1_10' title="bbox 218 1383 605 1475; baseline -0.01 -23"><span class='ocrx_word' id='word_1_93' title='bbox 218 1386 306 1462; x_wconf 80' lang='lat' dir='ltr'><strong>sima</strong></span> <span class='ocrx_word' id='word_1_94' title='bbox 328 1383 605 1475; x_wconf 85' lang='lat' dir='ltr'><strong>repraesentatio.</strong></span> 
     </span>
    </p>

    <p class='ocr_par' dir='ltr' id='par_1_7' title="bbox 217 1484 2041 2216">
     <span class='ocr_line' id='line_1_11' title="bbox 378 1484 2033 1575; baseline -0.002 -16"><span class='ocrx_word' id='word_1_95' title='bbox 378 1488 558 1575; x_wconf 87' lang='lat' dir='ltr'><strong>Quaedam</strong></span> <span class='ocrx_word' id='word_1_96' title='bbox 582 1488 724 1556; x_wconf 90' lang='lat' dir='ltr'><strong>nomina</strong></span> <span class='ocrx_word' id='word_1_97' title='bbox 747 1486 921 1555; x_wconf 83' lang='lat' dir='ltr'><strong>Romanae</strong></span> <span class='ocrx_word' id='word_1_98' title='bbox 947 1484 1166 1569; x_wconf 89' lang='lat' dir='ltr'><strong>potissimum</strong></span> <span class='ocrx_word' id='word_1_99' title='bbox 1190 1486 1353 1555; x_wconf 87' lang='lat' dir='ltr'><strong>historiae</strong></span> <span class='ocrx_word' id='word_1_100' title='bbox 1381 1486 1415 1553; x_wconf 87' lang='lat' dir='ltr'><strong>in</strong></span> <span class='ocrx_word' id='word_1_101' title='bbox 1440 1485 1611 1571; x_wconf 86' lang='lat' dir='ltr'><strong>exemplis</strong></span> <span class='ocrx_word' id='word_1_102' title='bbox 1640 1485 1842 1554; x_wconf 90' lang='lat' dir='ltr'><strong>clarissimis</strong></span> <span class='ocrx_word' id='word_1_103' title='bbox 1864 1487 2033 1556; x_wconf 89' lang='lat' dir='ltr'><strong>habentur</strong></span> 
     </span>
     <span class='ocr_line' id='line_1_12' title="bbox 218 1586 2032 1687; baseline -0.002 -21"><span class='ocrx_word' id='word_1_104' title='bbox 218 1586 367 1687; x_wconf 73' lang='lat' dir='ltr'><strong>ideoque</strong></span> <span class='ocrx_word' id='word_1_105' title='bbox 383 1596 509 1664; x_wconf 91' lang='lat' dir='ltr'><strong>anullo</strong></span> <span class='ocrx_word' id='word_1_106' title='bbox 524 1596 595 1663; x_wconf 92' lang='lat' dir='ltr'><strong>lere</strong></span> <span class='ocrx_word' id='word_1_107' title='bbox 608 1597 642 1663; x_wconf 88' lang='lat' dir='ltr'><strong>et</strong></span> <span class='ocrx_word' id='word_1_108' title='bbox 656 1594 790 1661; x_wconf 85' lang='lat' dir='ltr'><strong>rhetore</strong></span> <span class='ocrx_word' id='word_1_109' title='bbox 810 1596 843 1661; x_wconf 88' lang='lat' dir='ltr'><strong>et</strong></span> <span class='ocrx_word' id='word_1_110' title='bbox 857 1590 1025 1679; x_wconf 90' lang='lat' dir='ltr'><strong>scriptore</strong></span> <span class='ocrx_word' id='word_1_111' title='bbox 1043 1612 1112 1659; x_wconf 93' lang='lat' dir='ltr'><strong>non</strong></span> <span class='ocrx_word' id='word_1_112' title='bbox 1131 1593 1343 1661; x_wconf 90' lang='lat' dir='ltr'><strong>adhibentur.</strong></span> <span class='ocrx_word' id='word_1_113' title='bbox 1368 1593 1424 1675; x_wconf 89' lang='lat' dir='ltr'><strong>,in</strong></span> <span class='ocrx_word' id='word_1_114' title='bbox 1444 1592 1577 1662; x_wconf 89' lang='lat' dir='ltr'><strong>Catone</strong></span> <span class='ocrx_word' id='word_1_115' title='bbox 1594 1593 1793 1676; x_wconf 84' lang='lat' dir='ltr'><strong>moderatio,</strong></span> <span class='ocrx_word' id='word_1_116' title='bbox 1810 1594 1844 1661; x_wconf 92' lang='lat' dir='ltr'><strong>in</strong></span> <span class='ocrx_word' id='word_1_117' title='bbox 1861 1590 2032 1663; x_wconf 88' lang='lat' dir='ltr'><strong>Cicerone</strong></span> 
     </span>
     <span class='ocr_line' id='line_1_13' title="bbox 217 1697 2033 1788; baseline -0.002 -16"><span class='ocrx_word' id='word_1_118' title='bbox 217 1703 418 1785; x_wconf 86' lang='lat' dir='ltr'><strong>constantia,</strong></span> <span class='ocrx_word' id='word_1_119' title='bbox 442 1703 477 1770; x_wconf 95' lang='lat' dir='ltr'><strong>in</strong></span> <span class='ocrx_word' id='word_1_120' title='bbox 501 1701 596 1770; x_wconf 89' lang='lat' dir='ltr'><strong>Sulla</strong></span> <span class='ocrx_word' id='word_1_121' title='bbox 619 1699 799 1769; x_wconf 88' lang='lat' dir='ltr'><strong>clementia</strong></span> <span class='ocrx_word' id='word_1_122' title='bbox 822 1698 1080 1788; x_wconf 77' lang='lat' dir='ltr'><strong>{desideraturl“</strong></span> <span class='ocrx_word' id='word_1_123' title='bbox 1103 1697 1199 1786; x_wconf 87' lang='lat' dir='ltr'><strong>(Seu.</strong></span> <span class='ocrx_word' id='word_1_124' title='bbox 1213 1705 1318 1768; x_wconf 90' lang='lat' dir='ltr'><strong>contr.</strong></span> <span class='ocrx_word' id='word_1_125' title='bbox 1333 1703 1363 1783; x_wconf 88' lang='lat'><strong>2,</strong></span> <span class='ocrx_word' id='word_1_126' title='bbox 1377 1703 1407 1782; x_wconf 93' lang='grc'><strong>4,</strong></span> <span class='ocrx_word' id='word_1_127' title='bbox 1421 1701 1456 1785; x_wconf 93' lang='grc'><strong>4)</strong></span> <span class='ocrx_word' id='word_1_128' title='bbox 1473 1700 1684 1788; x_wconf 84' lang='lat' dir='ltr'><strong>,trugalitate</strong></span> <span class='ocrx_word' id='word_1_129' title='bbox 1698 1699 1853 1783; x_wconf 87' lang='lat' dir='ltr'><strong>Pisones,</strong></span> <span class='ocrx_word' id='word_1_130' title='bbox 1864 1701 2033 1786; x_wconf 86' lang='lat' dir='ltr'><strong>sapientia</strong></span> 
     </span>
     <span class='ocr_line' id='line_1_14' title="bbox 220 1804 2031 1894; baseline -0.002 -17"><span class='ocrx_word' id='word_1_131' title='bbox 220 1810 333 1892; x_wconf 87' lang='lat' dir='ltr'><strong>Laelii,</strong></span> <span class='ocrx_word' id='word_1_132' title='bbox 355 1809 479 1894; x_wconf 88' lang='lat' dir='ltr'><strong>pietate</strong></span> <span class='ocrx_word' id='word_1_133' title='bbox 504 1808 630 1876; x_wconf 91' lang='lat' dir='ltr'><strong>Metelli</strong></span> <span class='ocrx_word' id='word_1_134' title='bbox 659 1806 954 1875; x_wconf 88' lang='lat' dir='ltr'><strong>monstrabantur“</strong></span> <span class='ocrx_word' id='word_1_135' title='bbox 988 1804 1079 1891; x_wconf 86' lang='lat' dir='ltr'><strong>(Plin</strong></span> <span class='ocrx_word' id='word_1_136' title='bbox 1110 1826 1232 1893; x_wconf 86' lang='lat' dir='ltr'><strong>paneg.</strong></span> <span class='ocrx_word' id='word_1_137' title='bbox 1264 1809 1320 1889; x_wconf 88' lang='grc'><strong>28)</strong></span> <span class='ocrx_word' id='word_1_138' title='bbox 1352 1807 1521 1891; x_wconf 85' lang='lat' dir='ltr'><strong>,populus</strong></span> <span class='ocrx_word' id='word_1_139' title='bbox 1549 1806 1725 1876; x_wconf 88' lang='lat' dir='ltr'><strong>Romanus</strong></span> <span class='ocrx_word' id='word_1_140' title='bbox 1748 1859 1756 1874; x_wconf 94' lang='lat'><strong>.</strong></span> <span class='ocrx_word' id='word_1_141' title='bbox 1779 1859 1787 1875; x_wconf 99' lang='lat'><strong>.</strong></span> <span class='ocrx_word' id='word_1_142' title='bbox 1810 1858 1817 1873; x_wconf 90' lang='lat'><strong>.</strong></span> <span class='ocrx_word' id='word_1_143' title='bbox 1840 1807 1967 1876; x_wconf 91' lang='lat' dir='ltr'><strong>tulerit:</strong></span> <span class='ocrx_word' id='word_1_144' title='bbox 1997 1808 2031 1876; x_wconf 92' lang='lat' dir='ltr'><strong>in</strong></span> 
     </span>
     <span class='ocr_line' id='line_1_15' title="bbox 220 1910 2030 2002; baseline -0.001 -19"><span class='ocrx_word' id='word_1_145' title='bbox 220 1913 363 2002; x_wconf 86' lang='lat' dir='ltr'><strong>Gurgite</strong></span> <span class='ocrx_word' id='word_1_146' title='bbox 387 1915 567 1998; x_wconf 84' lang='lat' dir='ltr'><strong>luxuriam,</strong></span> <span class='ocrx_word' id='word_1_147' title='bbox 589 1915 624 1982; x_wconf 93' lang='lat' dir='ltr'><strong>in</strong></span> <span class='ocrx_word' id='word_1_148' title='bbox 647 1914 774 1982; x_wconf 91' lang='lat' dir='ltr'><strong>Manlio</strong></span> <span class='ocrx_word' id='word_1_149' title='bbox 798 1911 1035 1998; x_wconf 91' lang='lat' dir='ltr'><strong>impotentiam</strong></span> <span class='ocrx_word' id='word_1_150' title='bbox 1059 1963 1067 1979; x_wconf 99' lang='lat'><strong>.</strong></span> <span class='ocrx_word' id='word_1_151' title='bbox 1090 1963 1107 1996; x_wconf 95' lang='grc'><strong>.,</strong></span> <span class='ocrx_word' id='word_1_152' title='bbox 1131 1912 1165 1980; x_wconf 92' lang='lat' dir='ltr'><strong>in</strong></span> <span class='ocrx_word' id='word_1_153' title='bbox 1198 1910 1294 1981; x_wconf 90' lang='lat' dir='ltr'><strong>Sulla</strong></span> <span class='ocrx_word' id='word_1_154' title='bbox 1321 1912 1564 1996; x_wconf 84' lang='lat' dir='ltr'><strong>crudelitatem,</strong></span> <span class='ocrx_word' id='word_1_155' title='bbox 1593 1913 1626 1981; x_wconf 87' lang='lat' dir='ltr'><strong>in</strong></span> <span class='ocrx_word' id='word_1_156' title='bbox 1658 1913 1797 1981; x_wconf 85' lang='lat' dir='ltr'><strong>Lucullo</strong></span> <span class='ocrx_word' id='word_1_157' title='bbox 1827 1914 2030 1982; x_wconf 80' lang='lat' dir='ltr'><strong>avaritiam.“</strong></span> 
     </span>
     <span class='ocr_line' id='line_1_16' title="bbox 219 2017 2032 2107; baseline -0.001 -18"><span class='ocrx_word' id='word_1_158' title='bbox 219 2017 483 2107; x_wconf 83' lang='lat' dir='ltr'><strong>(Sen.ct9,2,</strong></span> <span class='ocrx_word' id='word_1_159' title='bbox 511 2021 571 2106; x_wconf 93' lang='grc'><strong>19.)</strong></span> <span class='ocrx_word' id='word_1_160' title='bbox 617 2020 718 2105; x_wconf 82' lang='lat' dir='ltr'><strong>Apud</strong></span> <span class='ocrx_word' id='word_1_161' title='bbox 749 2017 903 2089; x_wconf 90' lang='lat' dir='ltr'><strong>Senecae</strong></span> <span class='ocrx_word' id='word_1_162' title='bbox 930 2018 1075 2086; x_wconf 90' lang='lat' dir='ltr'><strong>rhetoris</strong></span> <span class='ocrx_word' id='word_1_163' title='bbox 1105 2019 1356 2088; x_wconf 87' lang='lat' dir='ltr'><strong>declamatores</strong></span> <span class='ocrx_word' id='word_1_164' title='bbox 1387 2020 1536 2105; x_wconf 85' lang='lat' dir='ltr'><strong>exempli</strong></span> <span class='ocrx_word' id='word_1_165' title='bbox 1566 2021 1644 2089; x_wconf 92' lang='lat' dir='ltr'><strong>loco</strong></span> <span class='ocrx_word' id='word_1_166' title='bbox 1672 2019 1844 2088; x_wconf 89' lang='lat' dir='ltr'><strong>adhibitos</strong></span> <span class='ocrx_word' id='word_1_167' title='bbox 1874 2019 2032 2089; x_wconf 90' lang='lat' dir='ltr'><strong>videmus</strong></span> 
     </span>
     <span class='ocr_line' id='line_1_17' title="bbox 221 2119 2041 2216; baseline 0.004 -23"><span class='ocrx_word' id='word_1_168' title='bbox 221 2127 255 2194; x_wconf 94' lang='lat' dir='ltr'><strong>in</strong></span> <span class='ocrx_word' id='word_1_169' title='bbox 278 2127 507 2196; x_wconf 87' lang='lat' dir='ltr'><strong>controversis</strong></span> <span class='ocrx_word' id='word_1_170' title='bbox 530 2147 630 2216; x_wconf 82' lang='lat' dir='ltr'><strong>egr.</strong></span> <span class='ocrx_word' id='word_1_171' title='bbox 2037 2119 2041 2130; x_wconf 56' lang='lat'><em>&#39;</em></span> 
     </span>
    </p>

    <p class='ocr_par' dir='ltr' id='par_1_8' title="bbox 217 2231 2032 2637">
     <span class='ocr_line' id='line_1_18' title="bbox 379 2231 2031 2321; baseline -0.001 -19"><span class='ocrx_word' id='word_1_172' title='bbox 379 2233 562 2302; x_wconf 85' lang='lat' dir='ltr'><strong>Romulum</strong></span> <span class='ocrx_word' id='word_1_173' title='bbox 592 2237 640 2317; x_wconf 88' lang='grc'><strong>10,</strong></span> <span class='ocrx_word' id='word_1_174' title='bbox 662 2234 693 2315; x_wconf 85' lang='grc'><strong>4,</strong></span> <span class='ocrx_word' id='word_1_175' title='bbox 715 2234 749 2314; x_wconf 90' lang='grc'><strong>9;</strong></span> <span class='ocrx_word' id='word_1_176' title='bbox 773 2235 803 2314; x_wconf 94' lang='grc'><strong>7,</strong></span> <span class='ocrx_word' id='word_1_177' title='bbox 825 2233 855 2314; x_wconf 90' lang='grc'><strong>2,</strong></span> <span class='ocrx_word' id='word_1_178' title='bbox 879 2234 909 2298; x_wconf 90' lang='grc'><strong>5.</strong></span> <span class='ocrx_word' id='word_1_179' title='bbox 960 2232 1002 2298; x_wconf 92' lang='lat' dir='ltr'><strong>D.</strong></span> <span class='ocrx_word' id='word_1_180' title='bbox 1026 2231 1168 2301; x_wconf 88' lang='lat' dir='ltr'><strong>Brutum</strong></span> <span class='ocrx_word' id='word_1_181' title='bbox 1197 2237 1244 2316; x_wconf 90' lang='grc'><strong>10,</strong></span> <span class='ocrx_word' id='word_1_182' title='bbox 1267 2236 1297 2317; x_wconf 88' lang='grc'><strong>3,</strong></span> <span class='ocrx_word' id='word_1_183' title='bbox 1320 2237 1356 2318; x_wconf 87' lang='grc'><strong>8;</strong></span> <span class='ocrx_word' id='word_1_184' title='bbox 1380 2236 1410 2316; x_wconf 89' lang='grc'><strong>5,</strong></span> <span class='ocrx_word' id='word_1_185' title='bbox 1437 2238 1461 2301; x_wconf 93' lang='lat' dir='ltr'><strong>l.</strong></span> <span class='ocrx_word' id='word_1_186' title='bbox 1507 2233 1699 2302; x_wconf 82' lang='lat' dir='ltr'><strong>Fabricium</strong></span> <span class='ocrx_word' id='word_1_187' title='bbox 1723 2234 1944 2321; x_wconf 84' lang='lat' dir='ltr'><strong>(paupertatis</strong></span> <span class='ocrx_word' id='word_1_188' title='bbox 1969 2254 2031 2301; x_wconf 83' lang='lat' dir='ltr'><strong>ex·</strong></span> 
     </span>
     <span class='ocr_line' id='line_1_19' title="bbox 217 2337 2032 2427; baseline 0 -19"><span class='ocrx_word' id='word_1_189' title='bbox 217 2341 384 2427; x_wconf 88' lang='lat' dir='ltr'><strong>emplum)</strong></span> <span class='ocrx_word' id='word_1_190' title='bbox 408 2343 438 2422; x_wconf 92' lang='grc'><strong>2,</strong></span> <span class='ocrx_word' id='word_1_191' title='bbox 466 2343 490 2423; x_wconf 93' lang='lat' dir='ltr'><strong>l,</strong></span> <span class='ocrx_word' id='word_1_192' title='bbox 514 2343 572 2423; x_wconf 78' lang='lat'><strong>293</strong></span> <span class='ocrx_word' id='word_1_193' title='bbox 596 2341 626 2422; x_wconf 86' lang='lat'><strong>5,</strong></span> <span class='ocrx_word' id='word_1_194' title='bbox 649 2342 679 2405; x_wconf 85' lang='lat'><strong>2.</strong></span> <span class='ocrx_word' id='word_1_195' title='bbox 724 2337 913 2425; x_wconf 86' lang='lat' dir='ltr'><strong>Regulum:</strong></span> <span class='ocrx_word' id='word_1_196' title='bbox 937 2340 967 2420; x_wconf 88' lang='grc'><strong>5,</strong></span> <span class='ocrx_word' id='word_1_197' title='bbox 991 2341 1020 2405; x_wconf 94' lang='grc'><strong>5.</strong></span> <span class='ocrx_word' id='word_1_198' title='bbox 1071 2338 1237 2407; x_wconf 88' lang='lat' dir='ltr'><strong>Crassum</strong></span> <span class='ocrx_word' id='word_1_199' title='bbox 1274 2339 1482 2425; x_wconf 88' lang='lat' dir='ltr'><strong>(divitiarum</strong></span> <span class='ocrx_word' id='word_1_200' title='bbox 1520 2341 1735 2427; x_wconf 84' lang='lat' dir='ltr'><strong>exemplum)</strong></span> <span class='ocrx_word' id='word_1_201' title='bbox 1770 2343 1800 2424; x_wconf 93' lang='grc'><strong>2,</strong></span> <span class='ocrx_word' id='word_1_202' title='bbox 1837 2345 1862 2426; x_wconf 95' lang='lat' dir='ltr'><strong>l,</strong></span> <span class='ocrx_word' id='word_1_203' title='bbox 1889 2342 1925 2426; x_wconf 87' lang='lat' dir='ltr'><strong>&#39;l;</strong></span> <span class='ocrx_word' id='word_1_204' title='bbox 1949 2343 1979 2425; x_wconf 91' lang='grc'><strong>5,</strong></span> <span class='ocrx_word' id='word_1_205' title='bbox 2008 2345 2032 2408; x_wconf 88' lang='grc'><strong>1.</strong></span> 
     </span>
     <span class='ocr_line' id='line_1_20' title="bbox 217 2441 2032 2532; baseline -0.001 -17"><span class='ocrx_word' id='word_1_206' title='bbox 217 2444 419 2529; x_wconf 79' lang='lat' dir='ltr'><strong>Caesarem3</strong></span> <span class='ocrx_word' id='word_1_207' title='bbox 442 2449 472 2530; x_wconf 88' lang='lat'><strong>2,</strong></span> <span class='ocrx_word' id='word_1_208' title='bbox 497 2450 523 2528; x_wconf 95' lang='grc'><strong>1,</strong></span> <span class='ocrx_word' id='word_1_209' title='bbox 546 2446 582 2528; x_wconf 90' lang='grc'><strong>7;</strong></span> <span class='ocrx_word' id='word_1_210' title='bbox 606 2447 636 2528; x_wconf 88' lang='grc'><strong>5,</strong></span> <span class='ocrx_word' id='word_1_211' title='bbox 663 2449 687 2512; x_wconf 98' lang='lat' dir='ltr'><strong>l.</strong></span> <span class='ocrx_word' id='word_1_212' title='bbox 733 2441 903 2512; x_wconf 91' lang='lat' dir='ltr'><strong>Catonem</strong></span> <span class='ocrx_word' id='word_1_213' title='bbox 927 2463 1023 2512; x_wconf 91' lang='lat' dir='ltr'><strong>suas:</strong></span> <span class='ocrx_word' id='word_1_214' title='bbox 1047 2448 1077 2528; x_wconf 95' lang='grc'><strong>5,</strong></span> <span class='ocrx_word' id='word_1_215' title='bbox 1099 2448 1134 2527; x_wconf 90' lang='grc'><strong>2;</strong></span> <span class='ocrx_word' id='word_1_216' title='bbox 1157 2446 1188 2528; x_wconf 95' lang='grc'><strong>7,</strong></span> <span class='ocrx_word' id='word_1_217' title='bbox 1209 2449 1239 2513; x_wconf 90' lang='grc'><strong>4.</strong></span> <span class='ocrx_word' id='word_1_218' title='bbox 1285 2450 1390 2515; x_wconf 93' lang='lat' dir='ltr'><strong>contr.</strong></span> <span class='ocrx_word' id='word_1_219' title='bbox 1414 2450 1444 2531; x_wconf 92' lang='grc'><strong>5,</strong></span> <span class='ocrx_word' id='word_1_220' title='bbox 1468 2450 1498 2530; x_wconf 89' lang='grc'><strong>4,</strong></span> <span class='ocrx_word' id='word_1_221' title='bbox 1519 2449 1556 2530; x_wconf 86' lang='grc'><strong>8;</strong></span> <span class='ocrx_word' id='word_1_222' title='bbox 1579 2450 1610 2530; x_wconf 93' lang='grc'><strong>2,</strong></span> <span class='ocrx_word' id='word_1_223' title='bbox 1641 2450 1670 2532; x_wconf 91' lang='grc'><strong>7,</strong></span> <span class='ocrx_word' id='word_1_224' title='bbox 1694 2450 1732 2529; x_wconf 87' lang='grc'><strong>4;</strong></span> <span class='ocrx_word' id='word_1_225' title='bbox 1759 2450 1806 2530; x_wconf 88' lang='lat'><strong>10,</strong></span> <span class='ocrx_word' id='word_1_226' title='bbox 1834 2451 1859 2532; x_wconf 94' lang='grc'><strong>1,</strong></span> <span class='ocrx_word' id='word_1_227' title='bbox 1888 2449 1925 2530; x_wconf 92' lang='grc'><strong>8;</strong></span> <span class='ocrx_word' id='word_1_228' title='bbox 1947 2450 1978 2530; x_wconf 93' lang='grc'><strong>9,</strong></span> <span class='ocrx_word' id='word_1_229' title='bbox 2001 2450 2032 2531; x_wconf 93' lang='grc'><strong>5,</strong></span> 
     </span>
     <span class='ocr_line' id='line_1_21' title="bbox 218 2552 796 2637; baseline -0.002 -17"><span class='ocrx_word' id='word_1_230' title='bbox 218 2555 254 2636; x_wconf 91' lang='grc'><strong>7;</strong></span> <span class='ocrx_word' id='word_1_231' title='bbox 285 2556 378 2636; x_wconf 87' lang='grc'><strong>8,4;</strong></span> <span class='ocrx_word' id='word_1_232' title='bbox 407 2556 454 2637; x_wconf 89' lang='grc'><strong>10,</strong></span> <span class='ocrx_word' id='word_1_233' title='bbox 484 2555 514 2636; x_wconf 97' lang='grc'><strong>3,</strong></span> <span class='ocrx_word' id='word_1_234' title='bbox 546 2554 580 2636; x_wconf 90' lang='grc'><strong>5;</strong></span> <span class='ocrx_word' id='word_1_235' title='bbox 603 2555 632 2634; x_wconf 92' lang='grc'><strong>5,</strong></span> <span class='ocrx_word' id='word_1_236' title='bbox 656 2552 690 2635; x_wconf 88' lang='grc'><strong>7;</strong></span> <span class='ocrx_word' id='word_1_237' title='bbox 713 2555 743 2635; x_wconf 90' lang='grc'><strong>5,</strong></span> <span class='ocrx_word' id='word_1_238' title='bbox 767 2554 796 2619; x_wconf 89' lang='grc'><strong>4.</strong></span> 
     </span>
    </p>

    <p class='ocr_par' dir='ltr' id='par_1_9' title="bbox 215 2656 2032 2957">
     <span class='ocr_line' id='line_1_22' title="bbox 377 2656 2030 2743; baseline 0.001 -18"><span class='ocrx_word' id='word_1_239' title='bbox 377 2656 534 2743; x_wconf 91' lang='lat' dir='ltr'><strong>Quorum</strong></span> <span class='ocrx_word' id='word_1_240' title='bbox 565 2658 715 2726; x_wconf 92' lang='lat' dir='ltr'><strong>virorum</strong></span> <span class='ocrx_word' id='word_1_241' title='bbox 742 2658 904 2742; x_wconf 82' lang='lat' dir='ltr'><strong>exempla</strong></span> <span class='ocrx_word' id='word_1_242' title='bbox 936 2656 1028 2724; x_wconf 92' lang='lat' dir='ltr'><strong>hand</strong></span> <span class='ocrx_word' id='word_1_243' title='bbox 1056 2678 1132 2726; x_wconf 91' lang='lat' dir='ltr'><strong>raro</strong></span> <span class='ocrx_word' id='word_1_244' title='bbox 1162 2657 1406 2726; x_wconf 90' lang='lat' dir='ltr'><strong>similitudines</strong></span> <span class='ocrx_word' id='word_1_245' title='bbox 1431 2659 1484 2724; x_wconf 86' lang='lat' dir='ltr'><strong>vel</strong></span> <span class='ocrx_word' id='word_1_246' title='bbox 1522 2658 1726 2726; x_wconf 90' lang='lat' dir='ltr'><strong>elocutionis</strong></span> <span class='ocrx_word' id='word_1_247' title='bbox 1757 2659 1931 2743; x_wconf 87' lang='lat' dir='ltr'><strong>praebere,</strong></span> <span class='ocrx_word' id='word_1_248' title='bbox 1963 2659 2030 2727; x_wconf 92' lang='lat' dir='ltr'><strong>iam</strong></span> 
     </span>
     <span class='ocr_line' id='line_1_23' title="bbox 218 2763 2032 2850; baseline 0.002 -19"><span class='ocrx_word' id='word_1_249' title='bbox 218 2764 297 2833; x_wconf 92' lang='lat' dir='ltr'><strong>inde</strong></span> <span class='ocrx_word' id='word_1_250' title='bbox 321 2766 441 2848; x_wconf 77' lang='lat' dir='ltr'><strong>elucet</strong></span> <span class='ocrx_word' id='word_1_251' title='bbox 464 2764 557 2849; x_wconf 89' lang='lat' dir='ltr'><strong>quod</strong></span> <span class='ocrx_word' id='word_1_252' title='bbox 580 2763 783 2850; x_wconf 88' lang='lat' dir='ltr'><strong>saepissime</strong></span> <span class='ocrx_word' id='word_1_253' title='bbox 806 2763 1058 2833; x_wconf 90' lang='lat' dir='ltr'><strong>adhibebantur</strong></span> <span class='ocrx_word' id='word_1_254' title='bbox 1081 2769 1114 2835; x_wconf 88' lang='lat' dir='ltr'><strong>et</strong></span> <span class='ocrx_word' id='word_1_255' title='bbox 1136 2784 1156 2832; x_wconf 90' lang='lat' dir='ltr'><strong>a</strong></span> <span class='ocrx_word' id='word_1_256' title='bbox 1178 2765 1395 2834; x_wconf 86' lang='lat' dir='ltr'><strong>scholasticis</strong></span> <span class='ocrx_word' id='word_1_257' title='bbox 1414 2769 1447 2834; x_wconf 88' lang='lat' dir='ltr'><strong>et</strong></span> <span class='ocrx_word' id='word_1_258' title='bbox 1462 2785 1482 2835; x_wconf 93' lang='lat' dir='ltr'><strong>a</strong></span> <span class='ocrx_word' id='word_1_259' title='bbox 1497 2765 1782 2835; x_wconf 88' lang='lat' dir='ltr'><strong>scholasticorum</strong></span> <span class='ocrx_word' id='word_1_260' title='bbox 1798 2766 2032 2849; x_wconf 89' lang='lat' dir='ltr'><strong>sectatoribus,</strong></span> 
     </span>
     <span class='ocr_line' id='line_1_24' title="bbox 215 2871 738 2957; baseline 0.002 -19"><span class='ocrx_word' id='word_1_261' title='bbox 215 2871 276 2957; x_wconf 91' lang='lat' dir='ltr'><strong>qui</strong></span> <span class='ocrx_word' id='word_1_262' title='bbox 299 2875 380 2940; x_wconf 91' lang='lat' dir='ltr'><strong>tunc</strong></span> <span class='ocrx_word' id='word_1_263' title='bbox 403 2871 528 2957; x_wconf 90' lang='lat' dir='ltr'><strong>scripta</strong></span> <span class='ocrx_word' id='word_1_264' title='bbox 550 2871 738 2940; x_wconf 84' lang='lat' dir='ltr'><strong>ediderunt</strong></span> 
     </span>
    </p>

    <p class='ocr_par' dir='ltr' id='par_1_10' title="bbox 373 2977 1917 3066">
     <span class='ocr_line' id='line_1_25' title="bbox 373 2977 1917 3066; baseline 0.001 -19"><span class='ocrx_word' id='word_1_265' title='bbox 373 2979 448 3065; x_wconf 86' lang='lat' dir='ltr'><strong>Jam</strong></span> <span class='ocrx_word' id='word_1_266' title='bbox 471 2978 695 3064; x_wconf 85' lang='lat' dir='ltr'><strong>proteramus,</strong></span> <span class='ocrx_word' id='word_1_267' title='bbox 717 2999 806 3065; x_wconf 90' lang='lat' dir='ltr'><strong>quae</strong></span> <span class='ocrx_word' id='word_1_268' title='bbox 831 2977 874 3044; x_wconf 88' lang='lat' dir='ltr'><strong>de</strong></span> <span class='ocrx_word' id='word_1_269' title='bbox 899 2977 1023 3045; x_wconf 89' lang='lat' dir='ltr'><strong>iisdem</strong></span> <span class='ocrx_word' id='word_1_270' title='bbox 1047 2981 1219 3065; x_wconf 87' lang='lat' dir='ltr'><strong>exemplis</strong></span> <span class='ocrx_word' id='word_1_271' title='bbox 1242 2979 1368 3047; x_wconf 91' lang='lat' dir='ltr'><strong>similia</strong></span> <span class='ocrx_word' id='word_1_272' title='bbox 1392 2979 1481 3048; x_wconf 90' lang='lat' dir='ltr'><strong>dicta</strong></span> <span class='ocrx_word' id='word_1_273' title='bbox 1505 2980 1719 3066; x_wconf 89' lang='lat' dir='ltr'><strong>repperimus</strong></span> <span class='ocrx_word' id='word_1_274' title='bbox 1741 3001 1782 3049; x_wconf 90' lang='lat' dir='ltr'><strong>ac</strong></span> <span class='ocrx_word' id='word_1_275' title='bbox 1804 2981 1917 3066; x_wconf 91' lang='lat' dir='ltr'><strong>primo</strong></span> 
     </span>
    </p>
   </div>
   <div class='ocr_carea' id='block_1_3' title="bbox 986 3155 1265 3225">
    <p class='ocr_par' dir='ltr' id='par_1_11' title="bbox 986 3155 1265 3225">
     <span class='ocr_line' id='line_1_26' title="bbox 986 3155 1265 3225; baseline 0.011 -4"><span class='ocrx_word' id='word_1_276' title='bbox 986 3159 1010 3221; x_wconf 88' lang='grc'><strong>1.</strong></span> <span class='ocrx_word' id='word_1_277' title='bbox 1031 3155 1081 3225; x_wconf 91' lang='lat' dir='ltr'><strong>de</strong></span> <span class='ocrx_word' id='word_1_278' title='bbox 1104 3155 1265 3224; x_wconf 89' lang='lat' dir='ltr'><strong>Codr0.</strong></span> 
     </span>
    </p>
   </div>
   <div class='ocr_carea' id='block_1_4' title="bbox 254 3274 1983 3582">
    <p class='ocr_par' dir='ltr' id='par_1_12' title="bbox 254 3274 1983 3582">
     <span class='ocr_line' id='line_1_27' title="bbox 377 3274 1889 3369; baseline 0.003 -25"><span class='ocrx_word' id='word_1_279' title='bbox 377 3274 456 3344; x_wconf 90' lang='lat' dir='ltr'><strong>Sen.</strong></span> <span class='ocrx_word' id='word_1_280' title='bbox 479 3280 585 3345; x_wconf 87' lang='lat' dir='ltr'><strong>contr.</strong></span> <span class='ocrx_word' id='word_1_281' title='bbox 608 3281 638 3363; x_wconf 89' lang='lat'><strong>8,</strong></span> <span class='ocrx_word' id='word_1_282' title='bbox 661 3282 697 3363; x_wconf 80' lang='lat'><strong>43</strong></span> <span class='ocrx_word' id='word_1_283' title='bbox 720 3279 881 3365; x_wconf 90' lang='lat' dir='ltr'><strong>positis</strong></span> <span class='ocrx_word' id='word_1_284' title='bbox 906 3280 1195 3365; x_wconf 88' lang='lat' dir='ltr'><strong>imperatoris</strong></span> <span class='ocrx_word' id='word_1_285' title='bbox 1218 3280 1474 3369; x_wconf 82' lang='lat' dir='ltr'><strong>insignibus</strong></span> <span class='ocrx_word' id='word_1_286' title='bbox 1496 3280 1539 3349; x_wconf 90' lang='lat' dir='ltr'><strong>ad</strong></span> <span class='ocrx_word' id='word_1_287' title='bbox 1565 3285 1710 3349; x_wconf 92' lang='lat' dir='ltr'><strong>mortem</strong></span> <span class='ocrx_word' id='word_1_288' title='bbox 1734 3281 1889 3349; x_wconf 92' lang='lat' dir='ltr'><strong>cucurrit.</strong></span> 
     </span>
     <span class='ocr_line' id='line_1_28' title="bbox 254 3383 1659 3474; baseline 0.001 -22"><span class='ocrx_word' id='word_1_289' title='bbox 254 3466 256 3469; x_wconf 17' lang='lat'>¹</span> <span class='ocrx_word' id='word_1_290' title='bbox 375 3383 457 3452; x_wconf 90' lang='lat' dir='ltr'><strong>Vell.</strong></span> <span class='ocrx_word' id='word_1_291' title='bbox 481 3384 502 3451; x_wconf 94' lang='lat' dir='ltr'><strong>l.</strong></span> <span class='ocrx_word' id='word_1_292' title='bbox 526 3387 556 3468; x_wconf 92' lang='grc'><strong>2,</strong></span> <span class='ocrx_word' id='word_1_293' title='bbox 578 3388 614 3452; x_wconf 87' lang='lat'><strong>2:</strong></span> <span class='ocrx_word' id='word_1_294' title='bbox 638 3385 842 3470; x_wconf 90' lang='lat' dir='ltr'><strong>deposita</strong></span> <span class='ocrx_word' id='word_1_295' title='bbox 859 3390 954 3455; x_wconf 87' lang='lat' dir='ltr'><strong>veste</strong></span> <span class='ocrx_word' id='word_1_296' title='bbox 978 3386 1072 3474; x_wconf 89' lang='lat' dir='ltr'><strong>regia</strong></span> <span class='ocrx_word' id='word_1_297' title='bbox 1094 3389 1300 3470; x_wconf 87' lang='lat' dir='ltr'><strong>pastoralem</strong></span> <span class='ocrx_word' id='word_1_298' title='bbox 1325 3388 1481 3455; x_wconf 91' lang='lat' dir='ltr'><strong>cultum</strong></span> <span class='ocrx_word' id='word_1_299' title='bbox 1507 3387 1659 3455; x_wconf 80' lang='lat' dir='ltr'><strong>induit.</strong></span> 
     </span>
     <span class='ocr_line' id='line_1_29' title="bbox 375 3490 1983 3582; baseline 0.002 -24"><span class='ocrx_word' id='word_1_300' title='bbox 375 3490 444 3559; x_wconf 90' lang='lat' dir='ltr'><strong>Val.</strong></span> <span class='ocrx_word' id='word_1_301' title='bbox 469 3493 498 3574; x_wconf 87' lang='lat'><strong>5,</strong></span> <span class='ocrx_word' id='word_1_302' title='bbox 520 3494 550 3575; x_wconf 92' lang='grc'><strong>5,</strong></span> <span class='ocrx_word' id='word_1_303' title='bbox 573 3512 626 3560; x_wconf 85' lang='lat' dir='ltr'><strong>ex.</strong></span> <span class='ocrx_word' id='word_1_304' title='bbox 654 3496 685 3558; x_wconf 92' lang='lat' dir='ltr'><strong>l:</strong></span> <span class='ocrx_word' id='word_1_305' title='bbox 709 3491 925 3576; x_wconf 88' lang='lat' dir='ltr'><strong>depositis</strong></span> <span class='ocrx_word' id='word_1_306' title='bbox 950 3493 1201 3580; x_wconf 89' lang='lat' dir='ltr'><strong>insignibus</strong></span> <span class='ocrx_word' id='word_1_307' title='bbox 1226 3493 1398 3582; x_wconf 91' lang='lat' dir='ltr'><strong>imperii</strong></span> <span class='ocrx_word' id='word_1_308' title='bbox 1422 3494 1624 3561; x_wconf 89' lang='lat' dir='ltr'><strong>lamularem</strong></span> <span class='ocrx_word' id='word_1_309' title='bbox 1648 3494 1808 3561; x_wconf 90' lang='lat' dir='ltr'><strong>cultum</strong></span> <span class='ocrx_word' id='word_1_310' title='bbox 1833 3494 1983 3563; x_wconf 83' lang='lat' dir='ltr'><strong>induit</strong></span> 
     </span>
    </p>
   </div>
   <div class='ocr_carea' id='block_1_5' title="bbox 951 3668 1287 3738">
    <p class='ocr_par' dir='ltr' id='par_1_13' title="bbox 951 3668 1287 3738">
     <span class='ocr_line' id='line_1_30' title="bbox 951 3668 1287 3738; baseline 0 -2"><span class='ocrx_word' id='word_1_311' title='bbox 951 3672 981 3737; x_wconf 87' lang='lat'><strong>2.</strong></span> <span class='ocrx_word' id='word_1_312' title='bbox 1003 3670 1053 3738; x_wconf 88' lang='lat' dir='ltr'><strong>de</strong></span> <span class='ocrx_word' id='word_1_313' title='bbox 1078 3668 1287 3738; x_wconf 88' lang='lat' dir='ltr'><strong>Graccho.</strong></span> 
     </span>
    </p>
   </div>
   <div class='ocr_carea' id='block_1_6' title="bbox 213 3788 2029 4842">
    <p class='ocr_par' dir='ltr' id='par_1_14' title="bbox 213 3788 2029 4842">
     <span class='ocr_line' id='line_1_31' title="bbox 376 3788 2028 3881; baseline 0.003 -24"><span class='ocrx_word' id='word_1_314' title='bbox 376 3788 458 3859; x_wconf 92' lang='lat' dir='ltr'><strong>Cic.</strong></span> <span class='ocrx_word' id='word_1_315' title='bbox 480 3792 524 3860; x_wconf 90' lang='lat' dir='ltr'><strong>de</strong></span> <span class='ocrx_word' id='word_1_316' title='bbox 547 3813 595 3860; x_wconf 88' lang='lat' dir='ltr'><strong>or.</strong></span> <span class='ocrx_word' id='word_1_317' title='bbox 618 3796 648 3876; x_wconf 94' lang='grc'><strong>2,</strong></span> <span class='ocrx_word' id='word_1_318' title='bbox 671 3796 701 3877; x_wconf 94' lang='grc'><strong>5,</strong></span> <span class='ocrx_word' id='word_1_319' title='bbox 724 3794 757 3860; x_wconf 80' lang='lat' dir='ltr'><strong>&#39;lt</strong></span> <span class='ocrx_word' id='word_1_320' title='bbox 780 3792 836 3861; x_wconf 90' lang='lat' dir='ltr'><strong>cui</strong></span> <span class='ocrx_word' id='word_1_321' title='bbox 860 3795 921 3881; x_wconf 91' lang='lat' dir='ltr'><strong>(sc.</strong></span> <span class='ocrx_word' id='word_1_322' title='bbox 945 3794 1149 3862; x_wconf 77' lang='lat' dir='ltr'><strong>interfectori</strong></span> <span class='ocrx_word' id='word_1_323' title='bbox 1167 3792 1329 3879; x_wconf 90' lang='lat' dir='ltr'><strong>Gracchi)</strong></span> <span class='ocrx_word' id='word_1_324' title='bbox 1350 3812 1424 3880; x_wconf 90' lang='lat' dir='ltr'><strong>pro</strong></span> <span class='ocrx_word' id='word_1_325' title='bbox 1441 3790 1617 3860; x_wconf 91' lang='lat' dir='ltr'><strong>Gracchi</strong></span> <span class='ocrx_word' id='word_1_326' title='bbox 1636 3794 1777 3881; x_wconf 88' lang='lat' dir='ltr'><strong>capite</strong></span> <span class='ocrx_word' id='word_1_327' title='bbox 1799 3798 1869 3862; x_wconf 90' lang='lat' dir='ltr'><strong>erat</strong></span> <span class='ocrx_word' id='word_1_328' title='bbox 1887 3812 2028 3862; x_wconf 90' lang='lat' dir='ltr'><strong>aurum</strong></span> 
     </span>
     <span class='ocr_line' id='line_1_32' title="bbox 535 3919 774 3988; baseline 0.004 -23"><span class='ocrx_word' id='word_1_329' title='bbox 535 3919 774 3988; x_wconf 90' lang='lat' dir='ltr'><strong>repensum.</strong></span> 
     </span>
     <span class='ocr_line' id='line_1_33' title="bbox 376 4002 1829 4093; baseline -0.001 -21"><span class='ocrx_word' id='word_1_330' title='bbox 376 4002 556 4073; x_wconf 86' lang='lat' dir='ltr'><strong>Porcius</strong></span> <span class='ocrx_word' id='word_1_331' title='bbox 579 4005 717 4074; x_wconf 84' lang='lat' dir='ltr'><strong>Latro:</strong></span> <span class='ocrx_word' id='word_1_332' title='bbox 741 4004 820 4074; x_wconf 89' lang='lat' dir='ltr'><strong>Sen.</strong></span> <span class='ocrx_word' id='word_1_333' title='bbox 844 4026 924 4074; x_wconf 91' lang='lat' dir='ltr'><strong>suas</strong></span> <span class='ocrx_word' id='word_1_334' title='bbox 948 4009 978 4089; x_wconf 92' lang='grc'><strong>5,</strong></span> <span class='ocrx_word' id='word_1_335' title='bbox 1001 4009 1034 4073; x_wconf 87' lang='grc'><strong>3;</strong></span> <span class='ocrx_word' id='word_1_336' title='bbox 1059 4004 1253 4074; x_wconf 89' lang='lat' dir='ltr'><strong>consularia</strong></span> <span class='ocrx_word' id='word_1_337' title='bbox 1276 4005 1388 4093; x_wconf 89' lang='lat' dir='ltr'><strong>capita</strong></span> <span class='ocrx_word' id='word_1_338' title='bbox 1410 4024 1511 4072; x_wconf 89' lang='lat' dir='ltr'><strong>auro</strong></span> <span class='ocrx_word' id='word_1_339' title='bbox 1535 4004 1829 4093; x_wconf 90' lang='lat' dir='ltr'><strong>rependentur.</strong></span> 
     </span>
     <span class='ocr_line' id='line_1_34' title="bbox 374 4110 1711 4202; baseline 0.001 -25"><span class='ocrx_word' id='word_1_340' title='bbox 374 4110 456 4179; x_wconf 92' lang='lat' dir='ltr'><strong>Vell.</strong></span> <span class='ocrx_word' id='word_1_341' title='bbox 480 4111 515 4178; x_wconf 93' lang='lat' dir='ltr'><strong>ll.</strong></span> <span class='ocrx_word' id='word_1_342' title='bbox 538 4116 568 4196; x_wconf 88' lang='grc'><strong>5,</strong></span> <span class='ocrx_word' id='word_1_343' title='bbox 592 4115 625 4180; x_wconf 85' lang='lat'><strong>5:</strong></span> <span class='ocrx_word' id='word_1_344' title='bbox 649 4113 681 4180; x_wconf 96' lang='lat' dir='ltr'><strong>id</strong></span> <span class='ocrx_word' id='word_1_345' title='bbox 707 4114 768 4200; x_wconf 89' lang='lat' dir='ltr'><strong>(sc.</strong></span> <span class='ocrx_word' id='word_1_346' title='bbox 791 4117 892 4202; x_wconf 89' lang='lat' dir='ltr'><strong>caput</strong></span> <span class='ocrx_word' id='word_1_347' title='bbox 916 4112 1077 4197; x_wconf 86' lang='lat' dir='ltr'><strong>Gracchi)</strong></span> <span class='ocrx_word' id='word_1_348' title='bbox 1100 4132 1203 4180; x_wconf 90' lang='lat' dir='ltr'><strong>auro</strong></span> <span class='ocrx_word' id='word_1_349' title='bbox 1230 4131 1499 4199; x_wconf 90' lang='lat' dir='ltr'><strong>repensurum</strong></span> <span class='ocrx_word' id='word_1_350' title='bbox 1524 4111 1711 4200; x_wconf 86' lang='lat' dir='ltr'><strong>proposuit</strong></span> 
     </span>
     <span class='ocr_line' id='line_1_35' title="bbox 374 4216 1750 4309; baseline 0.001 -26"><span class='ocrx_word' id='word_1_351' title='bbox 374 4216 445 4285; x_wconf 91' lang='lat' dir='ltr'><strong>Val.</strong></span> <span class='ocrx_word' id='word_1_352' title='bbox 466 4220 497 4302; x_wconf 93' lang='grc'><strong>9,</strong></span> <span class='ocrx_word' id='word_1_353' title='bbox 519 4221 550 4301; x_wconf 90' lang='grc'><strong>4,</strong></span> <span class='ocrx_word' id='word_1_354' title='bbox 572 4221 608 4285; x_wconf 81' lang='lat'><strong>3:</strong></span> <span class='ocrx_word' id='word_1_355' title='bbox 631 4239 733 4287; x_wconf 89' lang='lat' dir='ltr'><strong>auro</strong></span> <span class='ocrx_word' id='word_1_356' title='bbox 758 4220 792 4287; x_wconf 97' lang='lat' dir='ltr'><strong>id</strong></span> <span class='ocrx_word' id='word_1_357' title='bbox 817 4222 879 4308; x_wconf 89' lang='lat' dir='ltr'><strong>(sc.</strong></span> <span class='ocrx_word' id='word_1_358' title='bbox 903 4223 1006 4309; x_wconf 89' lang='lat' dir='ltr'><strong>caput</strong></span> <span class='ocrx_word' id='word_1_359' title='bbox 1032 4218 1196 4305; x_wconf 89' lang='lat' dir='ltr'><strong>Gracchi)</strong></span> <span class='ocrx_word' id='word_1_360' title='bbox 1219 4239 1257 4287; x_wconf 88' lang='lat' dir='ltr'><strong>se</strong></span> <span class='ocrx_word' id='word_1_361' title='bbox 1281 4238 1563 4307; x_wconf 86' lang='lat' dir='ltr'><strong>repensurum</strong></span> <span class='ocrx_word' id='word_1_362' title='bbox 1587 4218 1750 4284; x_wconf 86' lang='lat' dir='ltr'><strong>edixerat.</strong></span> 
     </span>
     <span class='ocr_line' id='line_1_36' title="bbox 375 4321 2029 4415; baseline 0.001 -22"><span class='ocrx_word' id='word_1_363' title='bbox 375 4323 450 4393; x_wconf 86' lang='lat' dir='ltr'><strong>Plin</strong></span> <span class='ocrx_word' id='word_1_364' title='bbox 475 4328 539 4392; x_wconf 88' lang='lat' dir='ltr'><strong>nat</strong></span> <span class='ocrx_word' id='word_1_365' title='bbox 562 4325 638 4392; x_wconf 88' lang='lat' dir='ltr'><strong>hist</strong></span> <span class='ocrx_word' id='word_1_366' title='bbox 660 4329 713 4408; x_wconf 88' lang='grc'><strong>33,</strong></span> <span class='ocrx_word' id='word_1_367' title='bbox 736 4329 794 4393; x_wconf 81' lang='lat'><strong>48:</strong></span> <span class='ocrx_word' id='word_1_368' title='bbox 817 4347 896 4394; x_wconf 91' lang='lat' dir='ltr'><strong>cum</strong></span> <span class='ocrx_word' id='word_1_369' title='bbox 920 4348 1024 4395; x_wconf 90' lang='lat' dir='ltr'><strong>auro</strong></span> <span class='ocrx_word' id='word_1_370' title='bbox 1056 4324 1379 4415; x_wconf 87' lang='lat' dir='ltr'><strong>rependendum</strong></span> <span class='ocrx_word' id='word_1_371' title='bbox 1410 4328 1531 4412; x_wconf 90' lang='lat' dir='ltr'><strong>caput</strong></span> <span class='ocrx_word' id='word_1_372' title='bbox 1560 4323 1635 4391; x_wconf 91' lang='lat' dir='ltr'><strong>eius</strong></span> <span class='ocrx_word' id='word_1_373' title='bbox 1659 4325 1721 4411; x_wconf 86' lang='lat' dir='ltr'><strong>(sc.</strong></span> <span class='ocrx_word' id='word_1_374' title='bbox 1755 4321 1917 4410; x_wconf 91' lang='lat' dir='ltr'><strong>Gracchi)</strong></span> <span class='ocrx_word' id='word_1_375' title='bbox 1950 4325 2029 4394; x_wconf 89' lang='lat' dir='ltr'><strong>abs·</strong></span> 
     </span>
     <span class='ocr_line' id='line_1_37' title="bbox 537 4431 1119 4521; baseline 0.005 -23"><span class='ocrx_word' id='word_1_376' title='bbox 537 4431 667 4498; x_wconf 91' lang='lat' dir='ltr'><strong>cissum</strong></span> <span class='ocrx_word' id='word_1_377' title='bbox 690 4431 733 4499; x_wconf 90' lang='lat' dir='ltr'><strong>ad</strong></span> <span class='ocrx_word' id='word_1_378' title='bbox 757 4431 937 4521; x_wconf 92' lang='lat' dir='ltr'><strong>Opimium</strong></span> <span class='ocrx_word' id='word_1_379' title='bbox 960 4434 1081 4501; x_wconf 85' lang='lat' dir='ltr'><strong>tulerit</strong></span> <span class='ocrx_word' id='word_1_380' title='bbox 1093 4431 1119 4518; x_wconf 88' lang='lat'><strong>¹)</strong></span> 
     </span>
     <span class='ocr_line' id='line_1_38' title="bbox 376 4534 2028 4628; baseline 0.001 -24"><span class='ocrx_word' id='word_1_381' title='bbox 376 4534 581 4621; x_wconf 91' lang='lat' dir='ltr'><strong>Consensio,</strong></span> <span class='ocrx_word' id='word_1_382' title='bbox 601 4558 690 4628; x_wconf 90' lang='lat' dir='ltr'><strong>quae</strong></span> <span class='ocrx_word' id='word_1_383' title='bbox 710 4538 801 4607; x_wconf 90' lang='lat' dir='ltr'><strong>inest</strong></span> <span class='ocrx_word' id='word_1_384' title='bbox 828 4542 1006 4609; x_wconf 87' lang='lat' dir='ltr'><strong>manitesta</strong></span> <span class='ocrx_word' id='word_1_385' title='bbox 1031 4540 1065 4607; x_wconf 91' lang='lat' dir='ltr'><strong>in</strong></span> <span class='ocrx_word' id='word_1_386' title='bbox 1095 4538 1290 4606; x_wconf 91' lang='lat' dir='ltr'><strong>elocutione</strong></span> <span class='ocrx_word' id='word_1_387' title='bbox 1322 4542 1445 4626; x_wconf 89' lang='lat' dir='ltr'><strong>,caput</strong></span> <span class='ocrx_word' id='word_1_388' title='bbox 1467 4557 1551 4605; x_wconf 91' lang='lat' dir='ltr'><strong>auro</strong></span> <span class='ocrx_word' id='word_1_389' title='bbox 1574 4536 1782 4622; x_wconf 84' lang='lat' dir='ltr'><strong>rependere“</strong></span> <span class='ocrx_word' id='word_1_390' title='bbox 1808 4557 1876 4626; x_wconf 90' lang='lat' dir='ltr'><strong>qua</strong></span> <span class='ocrx_word' id='word_1_391' title='bbox 1898 4537 2028 4607; x_wconf 91' lang='lat' dir='ltr'><strong>ratione</strong></span> 
     </span>
     <span class='ocr_line' id='line_1_39' title="bbox 214 4642 2025 4735; baseline 0 -23"><span class='ocrx_word' id='word_1_392' title='bbox 214 4643 258 4712; x_wconf 87' lang='lat' dir='ltr'><strong>sit</strong></span> <span class='ocrx_word' id='word_1_393' title='bbox 280 4643 495 4728; x_wconf 78' lang='lat' dir='ltr'><strong>expedienda</strong></span> <span class='ocrx_word' id='word_1_394' title='bbox 517 4664 562 4713; x_wconf 84' lang='lat' dir='ltr'><strong>ex</strong></span> <span class='ocrx_word' id='word_1_395' title='bbox 586 4644 636 4729; x_wconf 92' lang='lat' dir='ltr'><strong>iis,</strong></span> <span class='ocrx_word' id='word_1_396' title='bbox 658 4665 747 4734; x_wconf 91' lang='lat' dir='ltr'><strong>quae</strong></span> <span class='ocrx_word' id='word_1_397' title='bbox 771 4645 805 4713; x_wconf 92' lang='lat' dir='ltr'><strong>in</strong></span> <span class='ocrx_word' id='word_1_398' title='bbox 835 4646 1014 4731; x_wconf 90' lang='lat' dir='ltr'><strong>prooemio</strong></span> <span class='ocrx_word' id='word_1_399' title='bbox 1040 4646 1187 4735; x_wconf 86' lang='lat' dir='ltr'><strong>exposui</strong></span> <span class='ocrx_word' id='word_1_400' title='bbox 1211 4646 1299 4712; x_wconf 92' lang='lat' dir='ltr'><strong>ultro</strong></span> <span class='ocrx_word' id='word_1_401' title='bbox 1326 4648 1475 4734; x_wconf 86' lang='lat' dir='ltr'><strong>apparet</strong></span> <span class='ocrx_word' id='word_1_402' title='bbox 1522 4642 1722 4711; x_wconf 89' lang='lat' dir='ltr'><strong>lmitationis</strong></span> <span class='ocrx_word' id='word_1_403' title='bbox 1743 4643 1894 4728; x_wconf 92' lang='lat' dir='ltr'><strong>quodam</strong></span> <span class='ocrx_word' id='word_1_404' title='bbox 1919 4644 2025 4712; x_wconf 92' lang='lat' dir='ltr'><strong>modo</strong></span> 
     </span>
     <span class='ocr_line' id='line_1_40' title="bbox 213 4749 1554 4842; baseline 0 -24"><span class='ocrx_word' id='word_1_405' title='bbox 213 4749 343 4819; x_wconf 85' lang='lat' dir='ltr'><strong>insciae</strong></span> <span class='ocrx_word' id='word_1_406' title='bbox 366 4751 494 4819; x_wconf 87' lang='lat' dir='ltr'><strong>rivulus</strong></span> <span class='ocrx_word' id='word_1_407' title='bbox 516 4771 620 4841; x_wconf 93' lang='lat' dir='ltr'><strong>quem</strong></span> <span class='ocrx_word' id='word_1_408' title='bbox 644 4752 863 4821; x_wconf 89' lang='lat' dir='ltr'><strong>statuendum</strong></span> <span class='ocrx_word' id='word_1_409' title='bbox 887 4756 979 4842; x_wconf 92' lang='lat' dir='ltr'><strong>puto,</strong></span> <span class='ocrx_word' id='word_1_410' title='bbox 1002 4753 1187 4822; x_wconf 89' lang='lat' dir='ltr'><strong>illustretur</strong></span> <span class='ocrx_word' id='word_1_411' title='bbox 1210 4756 1390 4820; x_wconf 88' lang='lat' dir='ltr'><strong>stemmate</strong></span> <span class='ocrx_word' id='word_1_412' title='bbox 1415 4752 1496 4819; x_wconf 89' lang='lat' dir='ltr'><strong>hoc:</strong></span> <span class='ocrx_word' id='word_1_413' title='bbox 1526 4752 1529 4759; x_wconf 89' lang='lat'>&#39;</span> <span class='ocrx_word' id='word_1_414' title='bbox 1552 4786 1554 4791; x_wconf 96' lang='lat'>·</span> 
     </span>
    </p>
   </div>
   <div class='ocr_carea' id='block_1_7' title="bbox 373 4924 1934 5077">
    <p class='ocr_par' dir='ltr' id='par_1_15' title="bbox 373 4924 1934 5077">
     <span class='ocr_line' id='line_1_41' title="bbox 373 4924 1825 5002; baseline -0.001 -18"><span class='ocrx_word' id='word_1_415' title='bbox 373 4924 395 4998; x_wconf 88' lang='lat'><strong>¹)</strong></span> <span class='ocrx_word' id='word_1_416' title='bbox 413 4926 481 4984; x_wconf 91' lang='lat' dir='ltr'><strong>Non</strong></span> <span class='ocrx_word' id='word_1_417' title='bbox 499 4928 537 4986; x_wconf 93' lang='lat' dir='ltr'><strong>de</strong></span> <span class='ocrx_word' id='word_1_418' title='bbox 557 4927 693 4987; x_wconf 90' lang='lat' dir='ltr'><strong>Graccho</strong></span> <span class='ocrx_word' id='word_1_419' title='bbox 713 4928 785 4987; x_wconf 89' lang='lat' dir='ltr'><strong>dicit</strong></span> <span class='ocrx_word' id='word_1_420' title='bbox 803 4928 929 4987; x_wconf 87' lang='lat' dir='ltr'><strong>Ovidius</strong></span> <span class='ocrx_word' id='word_1_421' title='bbox 948 4932 1018 4987; x_wconf 80' lang='lat' dir='ltr'><strong>met.</strong></span> <span class='ocrx_word' id='word_1_422' title='bbox 1042 4932 1082 5002; x_wconf 87' lang='grc'><strong>13,</strong></span> <span class='ocrx_word' id='word_1_423' title='bbox 1102 4931 1173 4986; x_wconf 81' lang='grc'><strong>473;</strong></span> <span class='ocrx_word' id='word_1_424' title='bbox 1192 4932 1263 4986; x_wconf 88' lang='lat' dir='ltr'><strong>tunc</strong></span> <span class='ocrx_word' id='word_1_425' title='bbox 1281 4945 1349 4986; x_wconf 91' lang='lat' dir='ltr'><strong>cum</strong></span> <span class='ocrx_word' id='word_1_426' title='bbox 1367 4930 1493 5002; x_wconf 89' lang='lat' dir='ltr'><strong>poterat,</strong></span> <span class='ocrx_word' id='word_1_427' title='bbox 1511 4926 1677 4987; x_wconf 87' lang='lat' dir='ltr'><strong>redimebat</strong></span> <span class='ocrx_word' id='word_1_428' title='bbox 1695 4929 1726 4985; x_wconf 83' lang='lat' dir='ltr'><strong>et</strong></span> <span class='ocrx_word' id='word_1_429' title='bbox 1744 4943 1825 4984; x_wconf 88' lang='lat' dir='ltr'><strong>auro.</strong></span> 
     </span>
     <span class='ocr_line' id='line_1_42' title="bbox 1915 5019 1934 5077; baseline 0 0"><span class='ocrx_word' id='word_1_430' title='bbox 1915 5019 1934 5077; x_wconf 85' lang='lat'><strong>3</strong></span> 
     </span>
    </p>
   </div>
   <div class='ocr_carea' id='block_1_8' title="bbox 0 0 2342 5575">
    <p class='ocr_par' dir='ltr' id='par_1_16' title="bbox 0 0 2342 5575">
     <span class='ocr_line' id='line_1_43' title="bbox 0 0 2342 5575; baseline 0 1"><span class='ocrx_word' id='word_1_431' title='bbox 0 0 2342 5575; x_wconf 95' lang='lat' dir='ltr'><strong> </strong></span> 
     </span>
    </p>
   </div>
  </div>
 </body>
</html>
