4675 5575
1209 319 1253 384 20

419 529 489 615 Juv.
518 531 565 611 10,
583 530 663 596 277:
687 528 902 597 mendicatus
925 529 1014 597 victa
1037 526 1246 617 Carthagine
1270 529 1379 619 panis.

484 634 583 703 Unde
606 635 699 725 quod
724 635 899 719 eiliciatur,
922 655 1002 703 cum
1028 635 1095 704 iam
1119 639 1198 704 ante
1221 637 1454 726 exposuerim,
1476 637 1532 705 hic
1556 642 1708 727 repetere
1736 638 1957 727 supersedeo.

1029 852 1059 916 5.
1105 849 1157 917 de
1182 850 1421 939 Pompeio.

478 986 640 1056 Eiusdem
672 987 825 1057 fortunae
864 992 1063 1080 exemplum
1106 991 1196 1082 apud
1235 993 1462 1061 scholasticos
1504 993 1538 1059 in
1581 992 1713 1061 deliciis
1755 993 1897 1061 habetur
1948 991 2135 1081 Pompeius

317 1093 475 1181 Magnus.
512 1091 645 1162 Similia
668 1095 858 1183 proterunt:

423 1238 493 1305 Val.
526 1237 614 1305 Marc
642 1238 672 1320 5,
706 1242 731 1321 1,
763 1242 816 1304 1οε
856 1288 925 1306 ...
953 1240 1012 1330 qui
1040 1240 1199 1328 Tigranis
1229 1243 1385 1329 tempora
1413 1239 1539 1326 insigni
1563 1240 1659 1327 regio
1683 1244 1821 1324 texerat,
1844 1242 1919 1309 eius
1942 1245 2044 1334 caput
2065 1294 2073 1309 .
2096 1295 2134 1310 ..

530 1343 564 1410 in
594 1362 671 1411 suo
703 1343 828 1411 modo
858 1348 1069 1414 terrarum
1100 1348 1203 1414 orbe
1234 1366 1406 1436 nusquam
1437 1348 1691 1435 sepulturae
1722 1347 1838 1415 locum
1877 1348 1995 1416 habuit

529 1450 644 1537 paullo
666 1453 744 1519 ante
768 1450 913 1519 Romani
937 1452 1071 1542 imperii
1096 1453 1257 1521 columen
1288 1453 1439 1521 habiturn
1463 1452 1580 1521 -sic
1611 1454 1806 1521 mortalium
1834 1455 1973 1543 negotia
2001 1456 2134 1525 tortuna

529 1560 706 1626 versat-
730 1557 944 1626 inhumatum
968 1559 1139 1628 iacuisset

327 1725 333 1736 -
422 1682 505 1750 Vell.
528 1684 558 1766 2,
581 1683 633 1766 53,
652 1685 688 1749 3ε
712 1682 891 1751 intantum
911 1682 946 1750 in
964 1683 1022 1751 illo
1043 1683 1118 1751 viro
1141 1683 1361 1751 discordante
1384 1685 1527 1767 lortuna,
1559 1687 1594 1750 ul
1624 1685 1678 1752 cui
1703 1685 1808 1753 modo
1831 1686 1880 1754 ad
1903 1686 2133 1755 victoriam

528 1792 641 1858 terra
663 1789 880 1874 defuerat,
903 1789 1081 1859 deesset
1103 1790 1153 1858 ad
1178 1790 1455 1879 sepulturam.

424 1896 515 1964 Poet
539 1896 591 1964 lat
615 1895 695 1963 min.
719 1895 820 1964 Riese
844 1896 854 1963 l
878 1899 957 1963 402:
981 1896 1090 1965 divisa
1112 1897 1211 1965 ruina
1234 1901 1294 1964 est.
1340 1917 1418 1964 uno
1444 1916 1524 1964 non
1558 1897 1695 1985 potuit
1724 1901 1834 1966 tanta
1864 1898 2000 1967 iacere
2031 1900 2135 1968 solo.

423 2002 491 2071 ibd.
514 2006 593 2070 404:
616 2007 798 2093 quantus
821 2022 941 2092 quam
966 2022 1090 2092 parvo
1114 2002 1180 2070 vix
1202 2002 1362 2089 tegeris
1385 2003 1549 2070 tumulo.

478 2124 690 2207 „Contrarii“
708 2126 848 2213 figurae,
862 2145 951 2216 quae
967 2126 1107 2193 interest
1122 2125 1210 2194 inter
1223 2125 1383 2215 opposita
1397 2128 1431 2194 et
1449 2144 1579 2212 magna
1592 2126 1680 2194 lacta
1706 2130 1740 2194 et
1762 2146 1865 2216 parva
1885 2128 1939 2197 vel
1963 2130 2056 2197 nulla
2078 2149 2132 2197 se·

318 2233 467 2322 pulchra,
489 2232 587 2320 origo
611 2232 817 2301 scholastica
840 2232 1094 2300 demonstratur
1116 2230 1231 2300 Ovidii
1261 2232 1305 2299 de
1334 2231 1465 2301 Achille
1489 2231 1659 2300 versibus:

478 2341 548 2406 met
585 2341 631 2421 12,
660 2340 733 2406 1115ε
764 2342 797 2406 11
820 2338 863 2406 de
886 2341 956 2406 tam
980 2357 1106 2425 magno
1131 2342 1235 2407 restat
1256 2337 1398 2406 Achille.

479 2445 597 2512 nescio
622 2444 714 2535 quid,
737 2463 876 2533 parvam
900 2444 993 2533 quod
1017 2464 1086 2512 non
1109 2446 1198 2514 bene
1222 2446 1395 2534 compleat
1417 2446 1546 2512 orbem.

477 2553 529 2618 vel
561 2551 619 2638 (de
642 2550 764 2618 'libulli
790 2553 913 2637 morte)
937 2571 1074 2619 amores
1097 2555 1127 2636 3,
1151 2555 1181 2636 9,
1204 2557 1261 2619 4οε
1284 2552 1340 2618 vix
1363 2554 1478 2619 manet
1507 2551 1551 2620 de
1582 2555 1654 2619 toto
1685 2572 1788 2641 parva
1810 2553 1902 2641 quod
1926 2574 2010 2622 urna
2033 2555 2133 2643 capit.

482 2658 522 2725 Et
544 2656 704 2727 Octaviae
728 2658 863 2725 tabulae
886 2662 1004 2726 auctor
1026 2658 1069 2726 ad
1088 2659 1230 2727 verbum
1255 2660 1326 2728 iere
1348 2658 1514 2725 Velleium
1542 2657 1729 2726 imitatione
1758 2659 1972 2747 expressisse
2001 2659 2134 2727 videtur

318 2785 347 2831 v.
381 2767 440 2832 68:
464 2765 541 2833 dest
563 2768 650 2834 terra
672 2764 822 2834 tumulis.

1064 2999 1094 3063 6.
1139 2996 1190 3063 de
1215 2994 1387 3065 Catone.

474 3135 598 3218 „Solus
621 3137 809 3205 maximum
833 3137 968 3204 vivendi
1001 3137 1241 3228 moriendique
1270 3139 1488 3226 exemplum“
1520 3142 1555 3203 ut
1587 3136 1715 3205 Haterii
1746 3137 1891 3204 rhetoris
1920 3137 2035 3205 verbis
2059 3142 2132 3206 utar

321 3262 374 3331 ap.
398 3241 477 3310 Sen.
500 3264 590 3312 suas.
612 3246 643 3327 11,
665 3246 695 3325 2,
717 3244 883 3312 acunctis
899 3244 1115 3312 scholasticis
1139 3245 1283 3311 habetur
1305 3243 1349 3310 Μ.
1363 3243 1505 3311 Porcius
1528 3241 1614 3311 Cato
1631 3242 1811 3312 Uticensis.
1828 3242 1952 3310 Mirum
1967 3247 2125 3334 quantum

322 3349 509 3438 scriptores
524 3351 746 3440 rhetoresque
769 3350 888 3418 aetatis
912 3350 946 3417 in
967 3350 1114 3418 summis
1137 3349 1332 3439 principum
1357 3349 1636 3438 principatusque
1660 3349 1782 3417 studiis
1810 3349 2128 3439 adulationibusque

320 3460 355 3523 ul
377 3456 464 3524 alios
487 3457 613 3524 liberae
636 3457 685 3524 rei
708 3457 865 3545 publicae
879 3457 1136 3525 amantissimos
1155 3457 1425 3546 delensoresque
1442 3456 1487 3524 ita
1504 3455 1672 3524 Catonem
1691 3457 1795 3524 111111
1810 3457 1968 3525 laudibus
1984 3456 2130 3524 summis

321 3563 408 3630 inter
431 3584 469 3632 se
492 3568 713 3632 certaverunt

428 3668 507 3738 Sen.
530 3671 578 3738 rh.
601 3671 705 3760 praei.
734 3675 758 3753 1,
780 3673 816 3737 9:
840 3690 943 3761 quem
968 3669 1106 3737 tandem
1128 3667 1312 3736 antistitem
1344 3668 1550 3737 sanctiorem
1575 3668 1641 3736 sibi
1667 3668 1818 3736 invenire
1842 3668 2001 3738 divinitas
2024 3670 2133 3759 potuit

534 3796 637 3867 quam
662 3776 840 3845 Catonem.
1749 3771 1755 3783 ’

427 3883 597 3952 Labienus
620 3881 714 3969 (Sen.
737 3885 843 3950 contr.
871 3886 918 3963 10,
941 3885 961 3949 3
985 3883 1019 3967 5)
1042 3901 1111 3971 quo
1134 3880 1208 3948 viro
1232 3880 1315 3947 nihil
1339 3881 1534 3969 speciosius
1557 3881 1666 3949 civilis
1689 3885 1876 3969 tempestas
1898 3882 2043 3951 abstulit

426 4008 509 4077 Vell.
532 4011 563 4092 2,
586 4009 642 4075 35;
666 4009 772 4075 homo
794 4007 913 4074 Virtuti
937 4006 1134 4074 simillimus
1157 4009 1190 4073 et
1213 4025 1274 4094 per
1297 4005 1414 4074 omnia
1439 4006 1579 4093 ingenio
1607 4006 1682 4075 deis
1704 4026 1808 4096 quam
1832 4006 2032 4076 hominibus
2055 4029 2132 4097 pro-

532 4114 634 4203 prior.
662 4115 719 4203 qui
751 4133 926 4203 nunquam
957 4116 1047 4181 recle
1075 4113 1164 4195 lecit,
1195 4115 1232 4178 ut
1260 4113 1371 4179 lacere
1411 4111 1590 4197 videretur,
1612 4113 1673 4181 sed
1697 4113 1778 4203 quia
1799 4113 1896 4181 aliter
1918 4113 2031 4181 iacere
2062 4134 2131 4181 non

533 4224 697 4309 potuerat
719 4221 844 4310 cuique
868 4220 901 4286 id
925 4221 1039 4288 solum
1062 4219 1175 4286 visum
1200 4221 1252 4285 est
1274 4218 1440 4286 rationem
1464 4219 1599 4303 habere,
1622 4219 1715 4310 quod
1739 4221 1880 4288 haberet
1903 4219 2076 4287 iustitiam.
2144 4308 2149 4317 ι

428 4345 499 4412 1111.
522 4344 609 4412 Marc
632 4347 662 4427 3,
686 4347 715 4428 2,
743 4348 794 4412 ll:
818 4364 982 4432 magnum
1005 4344 1205 4412 hominibus
1228 4343 1475 4410 documentum
1499 4342 1633 4427 dedisti,
1642 4347 1770 4432 quanto
1784 4343 1898 4432 potior
1916 4363 1994 4412 esse
2010 4343 2132 4412 debeat

535 4452 654 4540 probis
677 4452 835 4539 dignatas
858 4452 934 4519 sine
955 4451 1022 4519 vita
1044 4470 1147 4540 quam
1171 4449 1238 4517 vita
1260 4449 1336 4518 sine
1359 4449 1533 4537 dignitate.

481 4556 615 4643 Quibus
638 4559 672 4625 in
696 4558 854 4626 laudibus
876 4558 1091 4647 proterendis
1110 4557 1186 4624 lieri
1201 4577 1271 4624 non
1292 4560 1413 4646 potest,
1432 4557 1513 4645 quin
1534 4556 1590 4623 hic
1611 4556 1680 4623 illic
1702 4556 1901 4645 conspirent
1921 4557 2130 4625 scholastici:

320 4717 402 4785 Vell.
426 4721 456 4802 2,
478 4720 531 4801 35,
554 4720 590 4784 2:
621 4718 784 4786 omnibus
811 4717 971 4785 humanis
993 4716 1084 4784 vitiis
1107 4718 1173 4783 im·
1280 4716 1365 4785 Curt
1392 4720 1439 4798 10,
1462 4718 1492 4799 5,
1515 4719 1545 4799 3,
1567 4719 1626 4785 35;
1650 4716 1708 4804 ((11
1735 4717 1946 4802 Alexandro)
1975 4718 2053 4806 plus
2071 4716 2132 4784 de-

428 4825 543 4893 munis
557 4844 697 4914 semper
710 4824 923 4892 fortunamin
936 4827 1171 4912 suapotestate
1386 4823 1503 4891 buisse
1521 4824 1685 4906 tortuose,
1722 4844 1826 4914 quam
1854 4825 1952 4892 solus
1974 4824 2130 4894 omnium
2269 4818 2270 4823 ’

427 4931 551 5000 habuit
1387 4929 1580 4998 mortalium
1605 4930 1639 4997 in
1663 4934 1828 5019 potestate
1848 4931 1973 4999 habuit
