<?xml version="1.0" encoding="UTF-8"?>
<!DOCTYPE html PUBLIC "-//W3C//DTD XHTML 1.0 Transitional//EN"
    "http://www.w3.org/TR/xhtml1/DTD/xhtml1-transitional.dtd">
<html xmlns="http://www.w3.org/1999/xhtml" xml:lang="en" lang="en">
 <head>
  <title>
</title>
<meta http-equiv="Content-Type" content="text/html;charset=utf-8" />
  <meta name='ocr-system' content='tesseract 3.04.00' />
  <meta name='ocr-capabilities' content='ocr_page ocr_carea ocr_par ocr_line ocrx_word'/>
</head>
<body>
  <div class='ocr_page' id='page_1' title='image "./depriorumscript00ltgoog_0009.png"; bbox 0 0 4675 5575; ppageno 0'>
   <div class='ocr_carea' id='block_1_1' title="bbox 1148 345 1168 409">
    <p class='ocr_par' dir='ltr' id='par_1_1' title="bbox 1148 345 1168 409">
     <span class='ocr_line' id='line_1_1' title="bbox 1148 345 1168 409; baseline 0 0"><span class='ocrx_word' id='word_1_1' title='bbox 1148 345 1168 409; x_wconf 88' lang='grc'>5</span> 
     </span>
    </p>
   </div>
   <div class='ocr_carea' id='block_1_2' title="bbox 244 554 2068 2034">
    <p class='ocr_par' dir='ltr' id='par_1_2' title="bbox 244 554 2067 1072">
     <span class='ocr_line' id='line_1_2' title="bbox 414 554 2067 646; baseline -0.003 -19"><span class='ocrx_word' id='word_1_2' title='bbox 414 562 479 629; x_wconf 88' lang='lat' dir='ltr'><strong>vel.</strong></span> <span class='ocrx_word' id='word_1_3' title='bbox 501 561 578 628; x_wconf 88' lang='lat' dir='ltr'><strong>dial.</strong></span> <span class='ocrx_word' id='word_1_4' title='bbox 606 561 656 627; x_wconf 82' lang='lat'><strong>19:</strong></span> <span class='ocrx_word' id='word_1_5' title='bbox 680 557 842 627; x_wconf 89' lang='lat' dir='ltr'><strong>Cassium</strong></span> <span class='ocrx_word' id='word_1_6' title='bbox 866 556 1091 626; x_wconf 89' lang='lat' dir='ltr'><strong>Severum..</strong></span> <span class='ocrx_word' id='word_1_7' title='bbox 1137 557 1275 646; x_wconf 85' lang='lat' dir='ltr'>primun</span> <span class='ocrx_word' id='word_1_8' title='bbox 1309 555 1491 624; x_wconf 89' lang='lat' dir='ltr'><strong>adlirmant</strong></span> <span class='ocrx_word' id='word_1_9' title='bbox 1521 554 1661 622; x_wconf 89' lang='lat' dir='ltr'><strong>tlexisse</strong></span> <span class='ocrx_word' id='word_1_10' title='bbox 1684 554 1728 623; x_wconf 95' lang='lat' dir='ltr'><strong>ab</strong></span> <span class='ocrx_word' id='word_1_11' title='bbox 1753 554 1809 622; x_wconf 91' lang='lat' dir='ltr'><strong>illa</strong></span> <span class='ocrx_word' id='word_1_12' title='bbox 1829 557 1943 622; x_wconf 90' lang='lat' dir='ltr'><strong>vetere</strong></span> <span class='ocrx_word' id='word_1_13' title='bbox 1966 558 2067 643; x_wconf 91' lang='lat' dir='ltr'><strong>atque</strong></span> 
     </span>
     <span class='ocr_line' id='line_1_3' title="bbox 246 661 2066 751; baseline -0.005 -14"><span class='ocrx_word' id='word_1_14' title='bbox 246 670 380 737; x_wconf 89' lang='lat' dir='ltr'><strong>directa</strong></span> <span class='ocrx_word' id='word_1_15' title='bbox 411 667 548 735; x_wconf 84' lang='lat' dir='ltr'>divendi</span> <span class='ocrx_word' id='word_1_16' title='bbox 581 665 643 747; x_wconf 89' lang='lat' dir='ltr'><strong>via,</strong></span> <span class='ocrx_word' id='word_1_17' title='bbox 672 685 741 733; x_wconf 93' lang='lat' dir='ltr'><strong>non</strong></span> <span class='ocrx_word' id='word_1_18' title='bbox 774 664 968 732; x_wconf 73' lang='lat' dir='ltr'><strong>infirmitate</strong></span> <span class='ocrx_word' id='word_1_19' title='bbox 996 663 1124 751; x_wconf 88' lang='lat' dir='ltr'><strong>ingenii</strong></span> <span class='ocrx_word' id='word_1_20' title='bbox 1157 684 1223 732; x_wconf 88' lang='lat' dir='ltr'><strong>nec</strong></span> <span class='ocrx_word' id='word_1_21' title='bbox 1246 662 1382 732; x_wconf 82' lang='lat' dir='ltr'><strong>inscitia</strong></span> <span class='ocrx_word' id='word_1_22' title='bbox 1404 662 1588 730; x_wconf 88' lang='lat' dir='ltr'><strong>litterarum</strong></span> <span class='ocrx_word' id='word_1_23' title='bbox 1612 661 1825 729; x_wconf 79' lang='lat' dir='ltr'><strong>transtulisse</strong></span> <span class='ocrx_word' id='word_1_24' title='bbox 1855 681 1893 729; x_wconf 90' lang='lat' dir='ltr'><strong>se</strong></span> <span class='ocrx_word' id='word_1_25' title='bbox 1917 662 1959 729; x_wconf 89' lang='lat' dir='ltr'><strong>ad</strong></span> <span class='ocrx_word' id='word_1_26' title='bbox 1984 661 2066 728; x_wconf 92' lang='lat' dir='ltr'><strong>illud</strong></span> 
     </span>
     <span class='ocr_line' id='line_1_4' title="bbox 244 767 2066 860; baseline -0.004 -18"><span class='ocrx_word' id='word_1_27' title='bbox 244 774 387 843; x_wconf 88' lang='lat' dir='ltr'><strong>dicendi</strong></span> <span class='ocrx_word' id='word_1_28' title='bbox 410 793 522 860; x_wconf 82' lang='lat' dir='ltr'><strong>genua</strong></span> <span class='ocrx_word' id='word_1_29' title='bbox 543 775 607 860; x_wconf 80' lang='lat' dir='ltr'><strong>(sc.</strong></span> <span class='ocrx_word' id='word_1_30' title='bbox 635 771 894 856; x_wconf 84' lang='lat' dir='ltr'><strong>scholasticum)</strong></span> <span class='ocrx_word' id='word_1_31' title='bbox 928 770 1109 853; x_wconf 90' lang='lat' dir='ltr'><strong>contendo,</strong></span> <span class='ocrx_word' id='word_1_32' title='bbox 1138 772 1200 839; x_wconf 90' lang='lat' dir='ltr'><strong>sed</strong></span> <span class='ocrx_word' id='word_1_33' title='bbox 1233 769 1360 839; x_wconf 92' lang='lat' dir='ltr'><strong>iudicio</strong></span> <span class='ocrx_word' id='word_1_34' title='bbox 1379 774 1412 837; x_wconf 88' lang='lat' dir='ltr'><strong>et</strong></span> <span class='ocrx_word' id='word_1_35' title='bbox 1437 769 1624 850; x_wconf 85' lang='lat' dir='ltr'><strong>intellectu3</strong></span> <span class='ocrx_word' id='word_1_36' title='bbox 1646 767 1731 835; x_wconf 93' lang='lat' dir='ltr'><strong>vidit</strong></span> <span class='ocrx_word' id='word_1_37' title='bbox 1755 788 1964 858; x_wconf 89' lang='lat' dir='ltr'><strong>namque..</strong></span> <span class='ocrx_word' id='word_1_38' title='bbox 1988 789 2066 836; x_wconf 90' lang='lat' dir='ltr'><strong>cum</strong></span> 
     </span>
     <span class='ocr_line' id='line_1_5' title="bbox 245 874 2067 966; baseline -0.004 -17"><span class='ocrx_word' id='word_1_39' title='bbox 245 880 516 949; x_wconf 90' lang='lat' dir='ltr'><strong>condicione</strong></span> <span class='ocrx_word' id='word_1_40' title='bbox 539 882 778 966; x_wconf 90' lang='lat' dir='ltr'><strong>temporum</strong></span> <span class='ocrx_word' id='word_1_41' title='bbox 804 881 838 945; x_wconf 92' lang='lat' dir='ltr'><strong>et</strong></span> <span class='ocrx_word' id='word_1_42' title='bbox 860 877 1054 945; x_wconf 88' lang='lat' dir='ltr'><strong>diversitate</strong></span> <span class='ocrx_word' id='word_1_43' title='bbox 1077 878 1209 946; x_wconf 88' lang='lat' dir='ltr'><strong>aurium</strong></span> <span class='ocrx_word' id='word_1_44' title='bbox 1234 879 1381 945; x_wconf 92' lang='lat' dir='ltr'><strong>lormam</strong></span> <span class='ocrx_word' id='word_1_45' title='bbox 1406 895 1543 966; x_wconf 90' lang='lat' dir='ltr'><strong>quoque</strong></span> <span class='ocrx_word' id='word_1_46' title='bbox 1567 878 1600 942; x_wconf 91' lang='lat' dir='ltr'><strong>et</strong></span> <span class='ocrx_word' id='word_1_47' title='bbox 1623 875 1777 963; x_wconf 89' lang='lat' dir='ltr'><strong>speciem</strong></span> <span class='ocrx_word' id='word_1_48' title='bbox 1801 874 1966 942; x_wconf 91' lang='lat' dir='ltr'><strong>orationis</strong></span> <span class='ocrx_word' id='word_1_49' title='bbox 1989 894 2067 943; x_wconf 89' lang='lat' dir='ltr'><strong>esse</strong></span> 
     </span>
     <span class='ocr_line' id='line_1_6' title="bbox 252 985 629 1072; baseline -0.008 -18"><span class='ocrx_word' id='word_1_50' title='bbox 252 986 460 1055; x_wconf 79' lang='lat' dir='ltr'><strong>mutandam.</strong></span> <span class='ocrx_word' id='word_1_51' title='bbox 483 985 539 1072; x_wconf 81' lang='lat' dir='ltr'><strong>(cl.</strong></span> <span class='ocrx_word' id='word_1_52' title='bbox 562 986 629 1070; x_wconf 78' lang='lat'><strong>33).</strong></span> 
     </span>
    </p>

    <p class='ocr_par' dir='ltr' id='par_1_3' title="bbox 245 1087 2068 1286">
     <span class='ocr_line' id='line_1_7' title="bbox 408 1087 2068 1180; baseline -0.003 -22"><span class='ocrx_word' id='word_1_53' title='bbox 408 1091 520 1159; x_wconf 88' lang='lat' dir='ltr'><strong>Verba</strong></span> <span class='ocrx_word' id='word_1_54' title='bbox 548 1090 662 1179; x_wconf 91' lang='lat' dir='ltr'><strong>qualia</strong></span> <span class='ocrx_word' id='word_1_55' title='bbox 696 1091 796 1171; x_wconf 83' lang='lat' dir='ltr'><strong>,luxa</strong></span> <span class='ocrx_word' id='word_1_56' title='bbox 825 1093 1040 1179; x_wconf 81' lang='lat' dir='ltr'><strong>temporum“</strong></span> <span class='ocrx_word' id='word_1_57' title='bbox 1064 1091 1244 1170; x_wconf 88' lang='lat' dir='ltr'><strong>„condicio</strong></span> <span class='ocrx_word' id='word_1_58' title='bbox 1269 1095 1487 1180; x_wconf 83' lang='lat' dir='ltr'><strong>temporum“</strong></span> <span class='ocrx_word' id='word_1_59' title='bbox 1512 1090 1682 1178; x_wconf 90' lang='lat' dir='ltr'><strong>pertinere</strong></span> <span class='ocrx_word' id='word_1_60' title='bbox 1706 1089 1748 1156; x_wconf 90' lang='lat' dir='ltr'><strong>ad</strong></span> <span class='ocrx_word' id='word_1_61' title='bbox 1778 1089 1941 1156; x_wconf 90' lang='lat' dir='ltr'><strong>amissam</strong></span> <span class='ocrx_word' id='word_1_62' title='bbox 1967 1087 2068 1155; x_wconf 91' lang='lat' dir='ltr'><strong>liber·</strong></span> 
     </span>
     <span class='ocr_line' id='line_1_8' title="bbox 245 1197 956 1286; baseline -0.006 -19"><span class='ocrx_word' id='word_1_63' title='bbox 245 1203 352 1267; x_wconf 89' lang='lat' dir='ltr'><strong>tatem</strong></span> <span class='ocrx_word' id='word_1_64' title='bbox 376 1199 424 1266; x_wconf 89' lang='lat' dir='ltr'><strong>rei</strong></span> <span class='ocrx_word' id='word_1_65' title='bbox 448 1197 616 1286; x_wconf 87' lang='lat' dir='ltr'><strong>publicae,</strong></span> <span class='ocrx_word' id='word_1_66' title='bbox 632 1217 736 1265; x_wconf 90' lang='lat' dir='ltr'><strong>nemo</strong></span> <span class='ocrx_word' id='word_1_67' title='bbox 762 1217 831 1265; x_wconf 92' lang='lat' dir='ltr'><strong>non</strong></span> <span class='ocrx_word' id='word_1_68' title='bbox 856 1197 956 1265; x_wconf 88' lang='lat' dir='ltr'><strong>videt.</strong></span> 
     </span>
    </p>

    <p class='ocr_par' dir='ltr' id='par_1_4' title="bbox 405 1302 1885 1395">
     <span class='ocr_line' id='line_1_9' title="bbox 405 1302 1885 1395; baseline -0.003 -23"><span class='ocrx_word' id='word_1_69' title='bbox 405 1304 481 1391; x_wconf 80' lang='lat' dir='ltr'><strong>Jam</strong></span> <span class='ocrx_word' id='word_1_70' title='bbox 499 1325 582 1372; x_wconf 91' lang='lat' dir='ltr'><strong>vero</strong></span> <span class='ocrx_word' id='word_1_71' title='bbox 606 1324 694 1395; x_wconf 90' lang='lat' dir='ltr'><strong>quae</strong></span> <span class='ocrx_word' id='word_1_72' title='bbox 718 1305 814 1371; x_wconf 89' lang='lat' dir='ltr'><strong>hisce</strong></span> <span class='ocrx_word' id='word_1_73' title='bbox 838 1302 991 1372; x_wconf 83' lang='lat' dir='ltr'><strong>Senecae</strong></span> <span class='ocrx_word' id='word_1_74' title='bbox 1016 1309 1049 1370; x_wconf 91' lang='lat' dir='ltr'><strong>et</strong></span> <span class='ocrx_word' id='word_1_75' title='bbox 1076 1303 1183 1371; x_wconf 82' lang='lat' dir='ltr'><strong>Taciti</strong></span> <span class='ocrx_word' id='word_1_76' title='bbox 1207 1305 1293 1372; x_wconf 93' lang='lat' dir='ltr'><strong>locis</strong></span> <span class='ocrx_word' id='word_1_77' title='bbox 1317 1304 1438 1372; x_wconf 80' lang='lat' dir='ltr'><strong>allecta</strong></span> <span class='ocrx_word' id='word_1_78' title='bbox 1462 1322 1540 1370; x_wconf 88' lang='lat' dir='ltr'><strong>esse</strong></span> <span class='ocrx_word' id='word_1_79' title='bbox 1568 1305 1661 1390; x_wconf 92' lang='lat' dir='ltr'><strong>puto,</strong></span> <span class='ocrx_word' id='word_1_80' title='bbox 1684 1305 1764 1369; x_wconf 90' lang='lat' dir='ltr'><strong>sunt</strong></span> <span class='ocrx_word' id='word_1_81' title='bbox 1785 1303 1885 1369; x_wconf 88' lang='lat' dir='ltr'><strong>haec:</strong></span> 
     </span>
    </p>

    <p class='ocr_par' dir='ltr' id='par_1_5' title="bbox 245 1408 2067 2034">
     <span class='ocr_line' id='line_1_10' title="bbox 411 1408 2066 1498; baseline -0.002 -20"><span class='ocrx_word' id='word_1_82' title='bbox 411 1410 494 1479; x_wconf 86' lang='lat' dir='ltr'><strong>Post</strong></span> <span class='ocrx_word' id='word_1_83' title='bbox 523 1412 613 1479; x_wconf 91' lang='lat' dir='ltr'><strong>bella</strong></span> <span class='ocrx_word' id='word_1_84' title='bbox 644 1410 756 1478; x_wconf 93' lang='lat' dir='ltr'><strong>civilia</strong></span> <span class='ocrx_word' id='word_1_85' title='bbox 787 1410 981 1498; x_wconf 89' lang='lat' dir='ltr'><strong>eloquentia</strong></span> <span class='ocrx_word' id='word_1_86' title='bbox 1013 1408 1167 1479; x_wconf 85' lang='lat' dir='ltr'><strong>Romana</strong></span> <span class='ocrx_word' id='word_1_87' title='bbox 1197 1431 1217 1478; x_wconf 92' lang='lat' dir='ltr'><strong>a</strong></span> <span class='ocrx_word' id='word_1_88' title='bbox 1254 1412 1350 1492; x_wconf 85' lang='lat' dir='ltr'><strong>,loro</strong></span> <span class='ocrx_word' id='word_1_89' title='bbox 1377 1414 1410 1477; x_wconf 92' lang='lat' dir='ltr'><strong>et</strong></span> <span class='ocrx_word' id='word_1_90' title='bbox 1439 1430 1459 1477; x_wconf 91' lang='lat' dir='ltr'><strong>a</strong></span> <span class='ocrx_word' id='word_1_91' title='bbox 1488 1409 1603 1476; x_wconf 88' lang='lat' dir='ltr'><strong>causis</strong></span> <span class='ocrx_word' id='word_1_92' title='bbox 1626 1413 1659 1477; x_wconf 88' lang='lat' dir='ltr'><strong>et</strong></span> <span class='ocrx_word' id='word_1_93' title='bbox 1681 1429 1701 1477; x_wconf 89' lang='lat' dir='ltr'><strong>a</strong></span> <span class='ocrx_word' id='word_1_94' title='bbox 1723 1409 1815 1476; x_wconf 91' lang='lat' dir='ltr'><strong>veris</strong></span> <span class='ocrx_word' id='word_1_95' title='bbox 1845 1408 2007 1497; x_wconf 85' lang='lat' dir='ltr'><strong>proeliis“</strong></span> <span class='ocrx_word' id='word_1_96' title='bbox 2033 1408 2066 1474; x_wconf 92' lang='lat' dir='ltr'><strong>in</strong></span> 
     </span>
     <span class='ocr_line' id='line_1_11' title="bbox 248 1514 2067 1604; baseline -0.004 -18"><span class='ocrx_word' id='word_1_97' title='bbox 248 1518 440 1597; x_wconf 80' lang='lat' dir='ltr'><strong>„auditoria</strong></span> <span class='ocrx_word' id='word_1_98' title='bbox 457 1523 490 1586; x_wconf 91' lang='lat' dir='ltr'><strong>et</strong></span> <span class='ocrx_word' id='word_1_99' title='bbox 502 1518 650 1585; x_wconf 84' lang='lat' dir='ltr'><strong>theatra“</strong></span> <span class='ocrx_word' id='word_1_100' title='bbox 667 1516 952 1585; x_wconf 90' lang='lat' dir='ltr'><strong>scholasticorum</strong></span> <span class='ocrx_word' id='word_1_101' title='bbox 968 1522 1087 1585; x_wconf 89' lang='lat' dir='ltr'><strong>vocata</strong></span> <span class='ocrx_word' id='word_1_102' title='bbox 1103 1521 1163 1585; x_wconf 85' lang='lat' dir='ltr'><strong>est</strong></span> <span class='ocrx_word' id='word_1_103' title='bbox 1202 1516 1361 1584; x_wconf 85' lang='lat' dir='ltr'><strong>Forensis</strong></span> <span class='ocrx_word' id='word_1_104' title='bbox 1385 1514 1579 1604; x_wconf 89' lang='lat' dir='ltr'><strong>eloquentia</strong></span> <span class='ocrx_word' id='word_1_105' title='bbox 1601 1515 1799 1583; x_wconf 88' lang='lat' dir='ltr'><strong>auctoritate</strong></span> <span class='ocrx_word' id='word_1_106' title='bbox 1823 1515 1928 1582; x_wconf 86' lang='lat' dir='ltr'><strong>cessit</strong></span> <span class='ocrx_word' id='word_1_107' title='bbox 1950 1516 2067 1583; x_wconf 90' lang='lat' dir='ltr'><strong>iacun-</strong></span> 
     </span>
     <span class='ocr_line' id='line_1_12' title="bbox 249 1620 2067 1705; baseline -0.002 -13"><span class='ocrx_word' id='word_1_108' title='bbox 249 1626 327 1694; x_wconf 89' lang='lat' dir='ltr'><strong>diae</strong></span> <span class='ocrx_word' id='word_1_109' title='bbox 365 1623 603 1694; x_wconf 89' lang='lat' dir='ltr'><strong>scholasticae.</strong></span> <span class='ocrx_word' id='word_1_110' title='bbox 648 1623 725 1691; x_wconf 89' lang='lat' dir='ltr'><strong>Non</strong></span> <span class='ocrx_word' id='word_1_111' title='bbox 759 1624 827 1691; x_wconf 89' lang='lat' dir='ltr'><strong>iam</strong></span> <span class='ocrx_word' id='word_1_112' title='bbox 852 1623 1103 1692; x_wconf 85' lang='lat' dir='ltr'><strong>exercitationis</strong></span> <span class='ocrx_word' id='word_1_113' title='bbox 1126 1643 1232 1692; x_wconf 90' lang='lat' dir='ltr'><strong>causa</strong></span> <span class='ocrx_word' id='word_1_114' title='bbox 1256 1626 1293 1689; x_wconf 93' lang='lat' dir='ltr'><strong>ut</strong></span> <span class='ocrx_word' id='word_1_115' title='bbox 1314 1625 1402 1704; x_wconf 91' lang='lat' dir='ltr'><strong>ante,</strong></span> <span class='ocrx_word' id='word_1_116' title='bbox 1430 1621 1695 1705; x_wconf 71' lang='lat' dir='ltr'><strong>decimabatur,</strong></span> <span class='ocrx_word' id='word_1_117' title='bbox 1725 1621 1787 1692; x_wconf 91' lang='lat' dir='ltr'><strong>sed</strong></span> <span class='ocrx_word' id='word_1_118' title='bbox 1811 1620 2067 1705; x_wconf 87' lang='lat' dir='ltr'><strong>„ostentationis</strong></span> 
     </span>
     <span class='ocr_line' id='line_1_13' title="bbox 245 1727 2067 1817; baseline -0.004 -16"><span class='ocrx_word' id='word_1_119' title='bbox 245 1740 373 1801; x_wconf 86' lang='lat' dir='ltr'><strong>causa“</strong></span> <span class='ocrx_word' id='word_1_120' title='bbox 400 1731 628 1799; x_wconf 90' lang='lat' dir='ltr'><strong>scholasticus</strong></span> <span class='ocrx_word' id='word_1_121' title='bbox 651 1735 765 1798; x_wconf 90' lang='lat' dir='ltr'><strong>orator</strong></span> <span class='ocrx_word' id='word_1_122' title='bbox 796 1731 1004 1814; x_wconf 82' lang='lat' dir='ltr'><strong>,cantabat“,</strong></span> <span class='ocrx_word' id='word_1_123' title='bbox 1040 1731 1060 1797; x_wconf 94' lang='lat' dir='ltr'><strong>i.</strong></span> <span class='ocrx_word' id='word_1_124' title='bbox 1085 1752 1114 1798; x_wconf 94' lang='lat' dir='ltr'><strong>e.</strong></span> <span class='ocrx_word' id='word_1_125' title='bbox 1137 1729 1359 1811; x_wconf 87' lang='lat' dir='ltr'><strong>declamabat,</strong></span> <span class='ocrx_word' id='word_1_126' title='bbox 1386 1727 1569 1816; x_wconf 90' lang='lat' dir='ltr'><strong>voluptatis</strong></span> <span class='ocrx_word' id='word_1_127' title='bbox 1596 1748 1702 1797; x_wconf 89' lang='lat' dir='ltr'><strong>causa</strong></span> <span class='ocrx_word' id='word_1_128' title='bbox 1725 1728 1877 1817; x_wconf 92' lang='lat' dir='ltr'><strong>populus</strong></span> <span class='ocrx_word' id='word_1_129' title='bbox 1900 1728 2067 1796; x_wconf 89' lang='lat' dir='ltr'><strong>audiebat.</strong></span> 
     </span>
     <span class='ocr_line' id='line_1_14' title="bbox 252 1834 2067 1927; baseline -0.002 -21"><span class='ocrx_word' id='word_1_130' title='bbox 252 1838 483 1927; x_wconf 83' lang='lat' dir='ltr'><strong>Eloquentiae,</strong></span> <span class='ocrx_word' id='word_1_131' title='bbox 505 1840 540 1905; x_wconf 93' lang='lat' dir='ltr'><strong>ut</strong></span> <span class='ocrx_word' id='word_1_132' title='bbox 563 1837 609 1905; x_wconf 90' lang='lat' dir='ltr'><strong>ait</strong></span> <span class='ocrx_word' id='word_1_133' title='bbox 634 1836 767 1906; x_wconf 84' lang='lat' dir='ltr'><strong>Seneca</strong></span> <span class='ocrx_word' id='word_1_134' title='bbox 790 1838 970 1905; x_wconf 90' lang='lat' dir='ltr'><strong>studebant</strong></span> <span class='ocrx_word' id='word_1_135' title='bbox 992 1837 1207 1926; x_wconf 89' lang='lat' dir='ltr'><strong>eloquentiae</strong></span> <span class='ocrx_word' id='word_1_136' title='bbox 1231 1854 1343 1905; x_wconf 81' lang='lat' dir='ltr'><strong>causa.</strong></span> <span class='ocrx_word' id='word_1_137' title='bbox 1380 1835 1415 1902; x_wconf 91' lang='lat' dir='ltr'><strong>ld</strong></span> <span class='ocrx_word' id='word_1_138' title='bbox 1440 1834 1589 1922; x_wconf 88' lang='lat' dir='ltr'><strong>denique</strong></span> <span class='ocrx_word' id='word_1_139' title='bbox 1613 1835 1775 1903; x_wconf 88' lang='lat' dir='ltr'><strong>ellectum</strong></span> <span class='ocrx_word' id='word_1_140' title='bbox 1794 1839 1856 1918; x_wconf 86' lang='lat' dir='ltr'><strong>est,</strong></span> <span class='ocrx_word' id='word_1_141' title='bbox 1871 1838 1908 1902; x_wconf 93' lang='lat' dir='ltr'><strong>ut</strong></span> <span class='ocrx_word' id='word_1_142' title='bbox 1930 1835 2067 1923; x_wconf 87' lang='lat' dir='ltr'><strong>ingenia</strong></span> 
     </span>
     <span class='ocr_line' id='line_1_15' title="bbox 245 1943 2067 2034; baseline -0.002 -22"><span class='ocrx_word' id='word_1_143' title='bbox 245 1965 389 2034; x_wconf 91' lang='lat' dir='ltr'><strong>quoque</strong></span> <span class='ocrx_word' id='word_1_144' title='bbox 414 1944 567 2013; x_wconf 85' lang='lat' dir='ltr'><strong>Romana</strong></span> <span class='ocrx_word' id='word_1_145' title='bbox 598 1945 782 2032; x_wconf 89' lang='lat' dir='ltr'><strong>paulatium</strong></span> <span class='ocrx_word' id='word_1_146' title='bbox 812 1944 968 2030; x_wconf 82' lang='lat' dir='ltr'><strong>Augusto</strong></span> <span class='ocrx_word' id='word_1_147' title='bbox 1008 1945 1189 2033; x_wconf 91' lang='lat' dir='ltr'><strong>imperium</strong></span> <span class='ocrx_word' id='word_1_148' title='bbox 1222 1945 1397 2012; x_wconf 88' lang='lat' dir='ltr'><strong>obtinente</strong></span> <span class='ocrx_word' id='word_1_149' title='bbox 1428 1947 1658 2011; x_wconf 90' lang='lat' dir='ltr'><strong>averterentur</strong></span> <span class='ocrx_word' id='word_1_150' title='bbox 1688 1963 1708 2011; x_wconf 88' lang='lat' dir='ltr'><strong>a</strong></span> <span class='ocrx_word' id='word_1_151' title='bbox 1741 1943 1889 2032; x_wconf 88' lang='lat' dir='ltr'><strong>publicis</strong></span> <span class='ocrx_word' id='word_1_152' title='bbox 1919 1944 2067 2031; x_wconf 88' lang='lat' dir='ltr'><strong>negotiis</strong></span> 
     </span>
    </p>
   </div>
   <div class='ocr_carea' id='block_1_3' title="bbox 136 2051 2068 2140">
    <p class='ocr_par' dir='ltr' id='par_1_6' title="bbox 136 2051 2068 2140">
     <span class='ocr_line' id='line_1_16' title="bbox 136 2051 2068 2140; baseline -0.002 -21"><span class='ocrx_word' id='word_1_153' title='bbox 136 2092 137 2095; x_wconf 60' lang='lat'><em>=</em></span> <span class='ocrx_word' id='word_1_154' title='bbox 254 2052 316 2131; x_wconf 82' lang='lat' dir='ltr'><strong>„ad</strong></span> <span class='ocrx_word' id='word_1_155' title='bbox 339 2052 408 2120; x_wconf 90' lang='lat' dir='ltr'><strong>otia</strong></span> <span class='ocrx_word' id='word_1_156' title='bbox 431 2052 641 2120; x_wconf 82' lang='lat' dir='ltr'><strong>domestica“</strong></span> <span class='ocrx_word' id='word_1_157' title='bbox 658 2053 776 2140; x_wconf 79' lang='lat' dir='ltr'><strong>(praei.</strong></span> <span class='ocrx_word' id='word_1_158' title='bbox 799 2052 876 2136; x_wconf 70' lang='lat' dir='ltr'><strong>sl).</strong></span> <span class='ocrx_word' id='word_1_159' title='bbox 921 2053 956 2119; x_wconf 92' lang='lat' dir='ltr'><strong>ln</strong></span> <span class='ocrx_word' id='word_1_160' title='bbox 981 2052 1077 2121; x_wconf 88' lang='lat' dir='ltr'><strong>hisce</strong></span> <span class='ocrx_word' id='word_1_161' title='bbox 1101 2052 1204 2120; x_wconf 89' lang='lat' dir='ltr'><strong>rebus</strong></span> <span class='ocrx_word' id='word_1_162' title='bbox 1227 2051 1339 2140; x_wconf 93' lang='lat' dir='ltr'><strong>quivis</strong></span> <span class='ocrx_word' id='word_1_163' title='bbox 1361 2051 1568 2133; x_wconf 86' lang='lat' dir='ltr'><strong>versabatur,</strong></span> <span class='ocrx_word' id='word_1_164' title='bbox 1591 2054 1624 2117; x_wconf 93' lang='lat' dir='ltr'><strong>et</strong></span> <span class='ocrx_word' id='word_1_165' title='bbox 1647 2051 1810 2140; x_wconf 92' lang='lat' dir='ltr'><strong>princeps</strong></span> <span class='ocrx_word' id='word_1_166' title='bbox 1833 2053 1866 2118; x_wconf 94' lang='lat' dir='ltr'><strong>et</strong></span> <span class='ocrx_word' id='word_1_167' title='bbox 1889 2051 2010 2118; x_wconf 90' lang='lat' dir='ltr'><strong>consui</strong></span> <span class='ocrx_word' id='word_1_168' title='bbox 2034 2052 2068 2118; x_wconf 89' lang='lat' dir='ltr'><strong>et</strong></span> 
     </span>
    </p>
   </div>
   <div class='ocr_carea' id='block_1_4' title="bbox 246 2157 2068 4596">
    <p class='ocr_par' dir='ltr' id='par_1_7' title="bbox 246 2157 2068 2972">
     <span class='ocr_line' id='line_1_17' title="bbox 251 2157 2068 2246; baseline -0.001 -22"><span class='ocrx_word' id='word_1_169' title='bbox 251 2158 401 2226; x_wconf 89' lang='lat' dir='ltr'><strong>libertus.</strong></span> <span class='ocrx_word' id='word_1_170' title='bbox 418 2157 594 2246; x_wconf 86' lang='lat' dir='ltr'><strong>Principes</strong></span> <span class='ocrx_word' id='word_1_171' title='bbox 615 2158 682 2225; x_wconf 90' lang='lat' dir='ltr'><strong>illis</strong></span> <span class='ocrx_word' id='word_1_172' title='bbox 705 2158 827 2225; x_wconf 89' lang='lat' dir='ltr'><strong>studiis</strong></span> <span class='ocrx_word' id='word_1_173' title='bbox 850 2157 1005 2244; x_wconf 83' lang='lat' dir='ltr'><strong>lavisse1)</strong></span> <span class='ocrx_word' id='word_1_174' title='bbox 1029 2159 1154 2226; x_wconf 93' lang='lat' dir='ltr'><strong>mirum</strong></span> <span class='ocrx_word' id='word_1_175' title='bbox 1178 2179 1248 2226; x_wconf 90' lang='lat' dir='ltr'><strong>non</strong></span> <span class='ocrx_word' id='word_1_176' title='bbox 1270 2157 1404 2225; x_wconf 89' lang='lat' dir='ltr'><strong>videtur</strong></span> <span class='ocrx_word' id='word_1_177' title='bbox 1417 2160 1533 2245; x_wconf 92' lang='lat' dir='ltr'><strong>utpote</strong></span> <span class='ocrx_word' id='word_1_178' title='bbox 1547 2176 1695 2246; x_wconf 91' lang='lat' dir='ltr'><strong>quorum</strong></span> <span class='ocrx_word' id='word_1_179' title='bbox 1718 2158 1862 2224; x_wconf 90' lang='lat' dir='ltr'><strong>multum</strong></span> <span class='ocrx_word' id='word_1_180' title='bbox 1889 2157 2068 2225; x_wconf 89' lang='lat' dir='ltr'><strong>interesset</strong></span> 
     </span>
     <span class='ocr_line' id='line_1_18' title="bbox 247 2263 2067 2354; baseline -0.001 -23"><span class='ocrx_word' id='word_1_181' title='bbox 247 2264 391 2353; x_wconf 89' lang='lat' dir='ltr'><strong>„puerili</strong></span> <span class='ocrx_word' id='word_1_182' title='bbox 415 2267 479 2333; x_wconf 89' lang='lat' dir='ltr'><strong>hac</strong></span> <span class='ocrx_word' id='word_1_183' title='bbox 494 2265 756 2333; x_wconf 83' lang='lat' dir='ltr'><strong>exercitatione“</strong></span> <span class='ocrx_word' id='word_1_184' title='bbox 777 2264 913 2332; x_wconf 89' lang='lat' dir='ltr'><strong>animos</strong></span> <span class='ocrx_word' id='word_1_185' title='bbox 936 2265 1116 2333; x_wconf 91' lang='lat' dir='ltr'><strong>hominum</strong></span> <span class='ocrx_word' id='word_1_186' title='bbox 1141 2285 1212 2333; x_wconf 89' lang='lat' dir='ltr'><strong>are</strong></span> <span class='ocrx_word' id='word_1_187' title='bbox 1234 2263 1370 2354; x_wconf 90' lang='lat' dir='ltr'><strong>publica</strong></span> <span class='ocrx_word' id='word_1_188' title='bbox 1392 2264 1608 2352; x_wconf 88' lang='lat' dir='ltr'><strong>capessenda</strong></span> <span class='ocrx_word' id='word_1_189' title='bbox 1625 2264 1736 2351; x_wconf 90' lang='lat' dir='ltr'><strong>magis</strong></span> <span class='ocrx_word' id='word_1_190' title='bbox 1760 2264 1939 2354; x_wconf 84' lang='lat' dir='ltr'><strong>magisque</strong></span> <span class='ocrx_word' id='word_1_191' title='bbox 1954 2265 2067 2332; x_wconf 89' lang='lat' dir='ltr'><strong>averti.</strong></span> 
     </span>
     <span class='ocr_line' id='line_1_19' title="bbox 246 2370 2067 2459; baseline -0.002 -21"><span class='ocrx_word' id='word_1_192' title='bbox 246 2370 347 2455; x_wconf 88' lang='lat' dir='ltr'><strong>Quae</strong></span> <span class='ocrx_word' id='word_1_193' title='bbox 386 2392 464 2438; x_wconf 92' lang='lat' dir='ltr'><strong>cum</strong></span> <span class='ocrx_word' id='word_1_194' title='bbox 504 2371 548 2438; x_wconf 90' lang='lat' dir='ltr'><strong>ita</strong></span> <span class='ocrx_word' id='word_1_195' title='bbox 584 2370 661 2454; x_wconf 88' lang='lat' dir='ltr'><strong>sint,</strong></span> <span class='ocrx_word' id='word_1_196' title='bbox 699 2371 957 2459; x_wconf 88' lang='lat' dir='ltr'><strong>ingravescente</strong></span> <span class='ocrx_word' id='word_1_197' title='bbox 990 2372 1115 2439; x_wconf 88' lang='lat' dir='ltr'><strong>cotidie</strong></span> <span class='ocrx_word' id='word_1_198' title='bbox 1152 2371 1266 2439; x_wconf 91' lang='lat' dir='ltr'><strong>studio</strong></span> <span class='ocrx_word' id='word_1_199' title='bbox 1304 2372 1391 2438; x_wconf 88' lang='lat' dir='ltr'><strong>tacta</strong></span> <span class='ocrx_word' id='word_1_200' title='bbox 1427 2390 1506 2438; x_wconf 90' lang='lat' dir='ltr'><strong>esse</strong></span> <span class='ocrx_word' id='word_1_201' title='bbox 1530 2371 1816 2439; x_wconf 90' lang='lat' dir='ltr'><strong>scholasticorum</strong></span> <span class='ocrx_word' id='word_1_202' title='bbox 1840 2373 1935 2439; x_wconf 89' lang='lat' dir='ltr'><strong>aulas</strong></span> <span class='ocrx_word' id='word_1_203' title='bbox 1957 2371 2067 2439; x_wconf 88' lang='lat' dir='ltr'><strong>audit.</strong></span> 
     </span>
     <span class='ocr_line' id='line_1_20' title="bbox 249 2477 2065 2567; baseline -0.001 -21"><span class='ocrx_word' id='word_1_204' title='bbox 249 2479 389 2566; x_wconf 89' lang='lat' dir='ltr'><strong>criaque</strong></span> <span class='ocrx_word' id='word_1_205' title='bbox 421 2478 560 2545; x_wconf 89' lang='lat' dir='ltr'><strong>Tiberio</strong></span> <span class='ocrx_word' id='word_1_206' title='bbox 594 2478 783 2565; x_wconf 89' lang='lat' dir='ltr'><strong>imperante</strong></span> <span class='ocrx_word' id='word_1_207' title='bbox 820 2478 1032 2545; x_wconf 89' lang='lat' dir='ltr'><strong>domicilium</strong></span> <span class='ocrx_word' id='word_1_208' title='bbox 1071 2498 1112 2546; x_wconf 88' lang='lat' dir='ltr'><strong>ac</strong></span> <span class='ocrx_word' id='word_1_209' title='bbox 1148 2479 1268 2546; x_wconf 90' lang='lat' dir='ltr'><strong>sedem</strong></span> <span class='ocrx_word' id='word_1_210' title='bbox 1300 2498 1369 2544; x_wconf 92' lang='lat' dir='ltr'><strong>non</strong></span> <span class='ocrx_word' id='word_1_211' title='bbox 1400 2477 1505 2544; x_wconf 93' lang='lat' dir='ltr'><strong>modo</strong></span> <span class='ocrx_word' id='word_1_212' title='bbox 1536 2478 1751 2567; x_wconf 88' lang='lat' dir='ltr'><strong>eloquentiae</strong></span> <span class='ocrx_word' id='word_1_213' title='bbox 1782 2479 1843 2546; x_wconf 92' lang='lat' dir='ltr'><strong>sed</strong></span> <span class='ocrx_word' id='word_1_214' title='bbox 1874 2478 2065 2545; x_wconf 89' lang='lat' dir='ltr'><strong>studiorum</strong></span> 
     </span>
     <span class='ocr_line' id='line_1_21' title="bbox 251 2583 2066 2672; baseline 0.002 -22"><span class='ocrx_word' id='word_1_215' title='bbox 251 2583 407 2650; x_wconf 92' lang='lat' dir='ltr'><strong>omnium</strong></span> <span class='ocrx_word' id='word_1_216' title='bbox 438 2583 482 2651; x_wconf 92' lang='lat' dir='ltr'><strong>ad</strong></span> <span class='ocrx_word' id='word_1_217' title='bbox 513 2583 640 2651; x_wconf 87' lang='lat' dir='ltr'><strong>litteras</strong></span> <span class='ocrx_word' id='word_1_218' title='bbox 672 2584 913 2672; x_wconf 88' lang='lat' dir='ltr'><strong>pertinentium</strong></span> <span class='ocrx_word' id='word_1_219' title='bbox 946 2605 1048 2652; x_wconf 91' lang='lat' dir='ltr'><strong>nemo</strong></span> <span class='ocrx_word' id='word_1_220' title='bbox 1081 2583 1264 2652; x_wconf 91' lang='lat' dir='ltr'><strong>mirabitur.</strong></span> <span class='ocrx_word' id='word_1_221' title='bbox 1324 2584 1402 2651; x_wconf 89' lang='lat' dir='ltr'><strong>War</strong></span> <span class='ocrx_word' id='word_1_222' title='bbox 1429 2585 1463 2671; x_wconf 84' lang='lat' dir='ltr'><strong>ja</strong></span> <span class='ocrx_word' id='word_1_223' title='bbox 1494 2584 1594 2667; x_wconf 91' lang='lat' dir='ltr'><strong>doch,</strong></span> <span class='ocrx_word' id='word_1_224' title='bbox 1624 2587 1661 2650; x_wconf 93' lang='lat' dir='ltr'><strong>ut</strong></span> <span class='ocrx_word' id='word_1_225' title='bbox 1690 2585 1736 2652; x_wconf 89' lang='lat' dir='ltr'><strong>ait</strong></span> <span class='ocrx_word' id='word_1_226' title='bbox 1767 2583 1978 2671; x_wconf 65' lang='lat' dir='ltr'><strong>Hammeqi)</strong></span> <span class='ocrx_word' id='word_1_227' title='bbox 2010 2585 2066 2653; x_wconf 88' lang='lat' dir='ltr'><strong>die</strong></span> 
     </span>
     <span class='ocr_line' id='line_1_22' title="bbox 252 2689 2067 2778; baseline 0.001 -21"><span class='ocrx_word' id='word_1_228' title='bbox 252 2689 544 2758; x_wconf 85' lang='lat' dir='ltr'><strong>Rhetorenschuie</strong></span> <span class='ocrx_word' id='word_1_229' title='bbox 575 2689 610 2757; x_wconf 92' lang='lat' dir='ltr'><strong>in</strong></span> <span class='ocrx_word' id='word_1_230' title='bbox 641 2690 703 2758; x_wconf 95' lang='lat' dir='ltr'><strong>der</strong></span> <span class='ocrx_word' id='word_1_231' title='bbox 733 2689 920 2759; x_wconf 86' lang='lat' dir='ltr'><strong>Kaiserzeit</strong></span> <span class='ocrx_word' id='word_1_232' title='bbox 952 2690 1046 2758; x_wconf 92' lang='lat' dir='ltr'><strong>nicht</strong></span> <span class='ocrx_word' id='word_1_233' title='bbox 1078 2693 1176 2759; x_wconf 90' lang='lat' dir='ltr'><strong>mehr</strong></span> <span class='ocrx_word' id='word_1_234' title='bbox 1198 2693 1294 2760; x_wconf 93' lang='lat' dir='ltr'><strong>bloss</strong></span> <span class='ocrx_word' id='word_1_235' title='bbox 1317 2691 1372 2758; x_wconf 90' lang='lat' dir='ltr'><strong>die</strong></span> <span class='ocrx_word' id='word_1_236' title='bbox 1396 2690 1644 2778; x_wconf 89' lang='lat' dir='ltr'><strong>Vorbereitung</strong></span> <span class='ocrx_word' id='word_1_237' title='bbox 1668 2692 1721 2758; x_wconf 89' lang='lat' dir='ltr'><strong>ilir</strong></span> <span class='ocrx_word' id='word_1_238' title='bbox 1744 2692 1810 2759; x_wconf 91' lang='lat' dir='ltr'><strong>den</strong></span> <span class='ocrx_word' id='word_1_239' title='bbox 1835 2691 2067 2778; x_wconf 76' lang='lat' dir='ltr'><strong>eigentlichen</strong></span> 
     </span>
     <span class='ocr_line' id='line_1_23' title="bbox 247 2797 2067 2888; baseline 0.001 -23"><span class='ocrx_word' id='word_1_240' title='bbox 247 2797 467 2885; x_wconf 89' lang='lat' dir='ltr'><strong>praktischen</strong></span> <span class='ocrx_word' id='word_1_241' title='bbox 492 2797 603 2881; x_wconf 89' lang='lat' dir='ltr'><strong>Berul,</strong></span> <span class='ocrx_word' id='word_1_242' title='bbox 623 2799 774 2866; x_wconf 89' lang='lat' dir='ltr'><strong>sondern</strong></span> <span class='ocrx_word' id='word_1_243' title='bbox 791 2799 1131 2888; x_wconf 88' lang='lat' dir='ltr'><strong>derMittelpunkt</strong></span> <span class='ocrx_word' id='word_1_244' title='bbox 1154 2801 1225 2868; x_wconf 91' lang='lat' dir='ltr'><strong>des</strong></span> <span class='ocrx_word' id='word_1_245' title='bbox 1248 2799 1456 2887; x_wconf 87' lang='lat' dir='ltr'><strong>geistigen</strong></span> <span class='ocrx_word' id='word_1_246' title='bbox 1482 2799 1637 2867; x_wconf 89' lang='lat' dir='ltr'><strong>Lebens</strong></span> <span class='ocrx_word' id='word_1_247' title='bbox 1662 2799 1699 2866; x_wconf 90' lang='lat' dir='ltr'><strong>in</strong></span> <span class='ocrx_word' id='word_1_248' title='bbox 1723 2798 1795 2867; x_wconf 89' lang='lat' dir='ltr'><strong>der</strong></span> <span class='ocrx_word' id='word_1_249' title='bbox 1818 2800 2067 2888; x_wconf 86' lang='lat' dir='ltr'><strong>liauptstadt</strong></span> 
     </span>
     <span class='ocr_line' id='line_1_24' title="bbox 250 2903 653 2972; baseline 0.007 -3"><span class='ocrx_word' id='word_1_250' title='bbox 250 2903 336 2970; x_wconf 90' lang='lat' dir='ltr'><strong>und</strong></span> <span class='ocrx_word' id='word_1_251' title='bbox 360 2904 436 2971; x_wconf 91' lang='lat' dir='ltr'><strong>der</strong></span> <span class='ocrx_word' id='word_1_252' title='bbox 459 2904 653 2972; x_wconf 88' lang='lat' dir='ltr'><strong>Provinz.</strong></span> 
     </span>
    </p>

    <p class='ocr_par' dir='ltr' id='par_1_8' title="bbox 247 3011 2067 3737">
     <span class='ocr_line' id='line_1_25' title="bbox 406 3011 2067 3102; baseline 0.001 -24"><span class='ocrx_word' id='word_1_253' title='bbox 406 3011 480 3097; x_wconf 82' lang='lat' dir='ltr'><strong>Jam</strong></span> <span class='ocrx_word' id='word_1_254' title='bbox 516 3032 598 3079; x_wconf 92' lang='lat' dir='ltr'><strong>vero</strong></span> <span class='ocrx_word' id='word_1_255' title='bbox 629 3032 699 3079; x_wconf 92' lang='lat' dir='ltr'><strong>non</strong></span> <span class='ocrx_word' id='word_1_256' title='bbox 731 3013 816 3081; x_wconf 91' lang='lat' dir='ltr'><strong>intra</strong></span> <span class='ocrx_word' id='word_1_257' title='bbox 846 3015 942 3081; x_wconf 91' lang='lat' dir='ltr'><strong>aulas</strong></span> <span class='ocrx_word' id='word_1_258' title='bbox 972 3033 1054 3081; x_wconf 90' lang='lat' dir='ltr'><strong>suas</strong></span> <span class='ocrx_word' id='word_1_259' title='bbox 1083 3033 1162 3081; x_wconf 91' lang='lat' dir='ltr'><strong>sese</strong></span> <span class='ocrx_word' id='word_1_260' title='bbox 1191 3012 1357 3081; x_wconf 88' lang='lat' dir='ltr'><strong>continuit</strong></span> <span class='ocrx_word' id='word_1_261' title='bbox 1385 3012 1639 3095; x_wconf 91' lang='lat' dir='ltr'><strong>scholasticum,</strong></span> <span class='ocrx_word' id='word_1_262' title='bbox 1671 3013 1763 3100; x_wconf 92' lang='lat' dir='ltr'><strong>quod</strong></span> <span class='ocrx_word' id='word_1_263' title='bbox 1794 3013 2067 3102; x_wconf 89' lang='lat' dir='ltr'><strong>nuncupavimus</strong></span> 
     </span>
     <span class='ocr_line' id='line_1_26' title="bbox 247 3115 2067 3209; baseline 0.002 -27"><span class='ocrx_word' id='word_1_264' title='bbox 247 3115 413 3199; x_wconf 90' lang='lat' dir='ltr'><strong>studium,</strong></span> <span class='ocrx_word' id='word_1_265' title='bbox 445 3118 507 3184; x_wconf 90' lang='lat' dir='ltr'><strong>sed</strong></span> <span class='ocrx_word' id='word_1_266' title='bbox 544 3138 724 3204; x_wconf 88' lang='lat' dir='ltr'><strong>egressum</strong></span> <span class='ocrx_word' id='word_1_267' title='bbox 756 3140 798 3186; x_wconf 93' lang='lat' dir='ltr'><strong>ex</strong></span> <span class='ocrx_word' id='word_1_268' title='bbox 826 3121 958 3187; x_wconf 90' lang='lat' dir='ltr'><strong>umbris</strong></span> <span class='ocrx_word' id='word_1_269' title='bbox 995 3120 1192 3188; x_wconf 90' lang='lat' dir='ltr'><strong>scholarum</strong></span> <span class='ocrx_word' id='word_1_270' title='bbox 1223 3118 1405 3186; x_wconf 90' lang='lat' dir='ltr'><strong>societates</strong></span> <span class='ocrx_word' id='word_1_271' title='bbox 1442 3122 1582 3186; x_wconf 90' lang='lat' dir='ltr'><strong>cunctas</strong></span> <span class='ocrx_word' id='word_1_272' title='bbox 1620 3123 1653 3187; x_wconf 90' lang='lat' dir='ltr'><strong>et</strong></span> <span class='ocrx_word' id='word_1_273' title='bbox 1689 3120 1867 3186; x_wconf 90' lang='lat' dir='ltr'><strong>convictus</strong></span> <span class='ocrx_word' id='word_1_274' title='bbox 1904 3121 2067 3209; x_wconf 90' lang='lat' dir='ltr'><strong>implebat</strong></span> 
     </span>
     <span class='ocr_line' id='line_1_27' title="bbox 251 3222 2065 3314; baseline 0.004 -26"><span class='ocrx_word' id='word_1_275' title='bbox 251 3222 425 3312; x_wconf 88' lang='lat' dir='ltr'><strong>vitamque</strong></span> <span class='ocrx_word' id='word_1_276' title='bbox 449 3227 482 3291; x_wconf 90' lang='lat' dir='ltr'><strong>et</strong></span> <span class='ocrx_word' id='word_1_277' title='bbox 503 3224 675 3311; x_wconf 91' lang='lat' dir='ltr'><strong>publicam</strong></span> <span class='ocrx_word' id='word_1_278' title='bbox 699 3230 732 3294; x_wconf 89' lang='lat' dir='ltr'><strong>et</strong></span> <span class='ocrx_word' id='word_1_279' title='bbox 755 3227 918 3314; x_wconf 90' lang='lat' dir='ltr'><strong>privatam</strong></span> <span class='ocrx_word' id='word_1_280' title='bbox 939 3227 1117 3294; x_wconf 92' lang='lat' dir='ltr'><strong>rhetoricis</strong></span> <span class='ocrx_word' id='word_1_281' title='bbox 1141 3231 1175 3295; x_wconf 90' lang='lat' dir='ltr'><strong>et</strong></span> <span class='ocrx_word' id='word_1_282' title='bbox 1195 3226 1325 3294; x_wconf 90' lang='lat' dir='ltr'><strong>artibus</strong></span> <span class='ocrx_word' id='word_1_283' title='bbox 1348 3229 1380 3294; x_wconf 91' lang='lat' dir='ltr'><strong>et</strong></span> <span class='ocrx_word' id='word_1_284' title='bbox 1396 3225 1514 3293; x_wconf 88' lang='lat' dir='ltr'><strong>litteris</strong></span> <span class='ocrx_word' id='word_1_285' title='bbox 1534 3226 1658 3293; x_wconf 88' lang='lat' dir='ltr'><strong>iniecit</strong></span> <span class='ocrx_word' id='word_1_286' title='bbox 1705 3225 1838 3294; x_wconf 86' lang='lat' dir='ltr'><strong>Etenim</strong></span> <span class='ocrx_word' id='word_1_287' title='bbox 1856 3249 1899 3295; x_wconf 94' lang='lat' dir='ltr'><strong>ex</strong></span> <span class='ocrx_word' id='word_1_288' title='bbox 1913 3225 2065 3296; x_wconf 90' lang='lat' dir='ltr'><strong>Seuecae</strong></span> 
     </span>
     <span class='ocr_line' id='line_1_28' title="bbox 252 3329 2064 3423; baseline 0.004 -28"><span class='ocrx_word' id='word_1_289' title='bbox 252 3329 367 3396; x_wconf 92' lang='lat' dir='ltr'><strong>verbis</strong></span> <span class='ocrx_word' id='word_1_290' title='bbox 389 3329 433 3396; x_wconf 87' lang='lat' dir='ltr'><strong>‹le</strong></span> <span class='ocrx_word' id='word_1_291' title='bbox 470 3329 613 3397; x_wconf 89' lang='lat' dir='ltr'><strong>Latrone</strong></span> <span class='ocrx_word' id='word_1_292' title='bbox 645 3331 779 3399; x_wconf 88' lang='lat' dir='ltr'><strong>rhetore</strong></span> <span class='ocrx_word' id='word_1_293' title='bbox 803 3334 1027 3401; x_wconf 90' lang='lat' dir='ltr'><strong>celeberrimo</strong></span> <span class='ocrx_word' id='word_1_294' title='bbox 1061 3334 1158 3401; x_wconf 91' lang='lat' dir='ltr'><strong>lactis</strong></span> <span class='ocrx_word' id='word_1_295' title='bbox 1183 3334 1217 3401; x_wconf 92' lang='lat' dir='ltr'><strong>in</strong></span> <span class='ocrx_word' id='word_1_296' title='bbox 1237 3335 1339 3422; x_wconf 89' lang='lat' dir='ltr'><strong>prael.</strong></span> <span class='ocrx_word' id='word_1_297' title='bbox 1367 3336 1414 3415; x_wconf 84' lang='lat'><strong>10,</strong></span> <span class='ocrx_word' id='word_1_298' title='bbox 1443 3335 1480 3400; x_wconf 86' lang='lat'><strong>15</strong></span> <span class='ocrx_word' id='word_1_299' title='bbox 1510 3353 1706 3423; x_wconf 88' lang='lat' dir='ltr'><strong>,nunquam</strong></span> <span class='ocrx_word' id='word_1_300' title='bbox 1738 3334 1870 3402; x_wconf 91' lang='lat' dir='ltr'><strong>solebat</strong></span> <span class='ocrx_word' id='word_1_301' title='bbox 1892 3334 2064 3423; x_wconf 91' lang='lat' dir='ltr'><strong>disputare</strong></span> 
     </span>
     <span class='ocr_line' id='line_1_29' title="bbox 253 3435 2064 3530; baseline 0.004 -28"><span class='ocrx_word' id='word_1_302' title='bbox 253 3435 289 3502; x_wconf 91' lang='lat' dir='ltr'><strong>in</strong></span> <span class='ocrx_word' id='word_1_303' title='bbox 314 3437 500 3504; x_wconf 83' lang='lat' dir='ltr'><strong>conviviis“</strong></span> <span class='ocrx_word' id='word_1_304' title='bbox 542 3440 657 3525; x_wconf 91' lang='lat' dir='ltr'><strong>potest</strong></span> <span class='ocrx_word' id='word_1_305' title='bbox 687 3438 847 3526; x_wconf 86' lang='lat' dir='ltr'><strong>intellegi,</strong></span> <span class='ocrx_word' id='word_1_306' title='bbox 877 3461 920 3508; x_wconf 87' lang='lat' dir='ltr'><strong>ne</strong></span> <span class='ocrx_word' id='word_1_307' title='bbox 944 3440 1100 3508; x_wconf 92' lang='lat' dir='ltr'><strong>convivia</strong></span> <span class='ocrx_word' id='word_1_308' title='bbox 1130 3441 1270 3530; x_wconf 90' lang='lat' dir='ltr'><strong>quidem</strong></span> <span class='ocrx_word' id='word_1_309' title='bbox 1300 3440 1451 3507; x_wconf 88' lang='lat' dir='ltr'><strong>caruisse</strong></span> <span class='ocrx_word' id='word_1_310' title='bbox 1475 3439 1598 3507; x_wconf 90' lang='lat' dir='ltr'><strong>studiis</strong></span> <span class='ocrx_word' id='word_1_311' title='bbox 1620 3440 1752 3508; x_wconf 90' lang='lat' dir='ltr'><strong>talibus.</strong></span> <span class='ocrx_word' id='word_1_312' title='bbox 1798 3440 1921 3509; x_wconf 90' lang='lat' dir='ltr'><strong>Nonne</strong></span> <span class='ocrx_word' id='word_1_313' title='bbox 1951 3442 2064 3530; x_wconf 91' lang='lat' dir='ltr'><strong>ipsum</strong></span> 
     </span>
     <span class='ocr_line' id='line_1_30' title="bbox 251 3540 2066 3636; baseline 0.006 -28"><span class='ocrx_word' id='word_1_314' title='bbox 251 3541 428 3610; x_wconf 84' lang='lat' dir='ltr'><strong>Tiberium</strong></span> <span class='ocrx_word' id='word_1_315' title='bbox 466 3540 653 3611; x_wconf 90' lang='lat' dir='ltr'><strong>Caesarem</strong></span> <span class='ocrx_word' id='word_1_316' title='bbox 692 3542 878 3613; x_wconf 87' lang='lat' dir='ltr'><strong>Suetonius</strong></span> <span class='ocrx_word' id='word_1_317' title='bbox 912 3551 1026 3615; x_wconf 91' lang='lat' dir='ltr'><strong>narrat</strong></span> <span class='ocrx_word' id='word_1_318' title='bbox 1059 3548 1279 3636; x_wconf 85' lang='lat' dir='ltr'><strong>quaestiones</strong></span> <span class='ocrx_word' id='word_1_319' title='bbox 1317 3547 1587 3614; x_wconf 86' lang='lat' dir='ltr'><strong>declamationes</strong></span> <span class='ocrx_word' id='word_1_320' title='bbox 1615 3547 1811 3635; x_wconf 89' lang='lat' dir='ltr'><strong>litterasque</strong></span> <span class='ocrx_word' id='word_1_321' title='bbox 1842 3549 2066 3636; x_wconf 90' lang='lat' dir='ltr'><strong>respicientes</strong></span> 
     </span>
     <span class='ocr_line' id='line_1_31' title="bbox 251 3648 634 3737; baseline 0.008 -23"><span class='ocrx_word' id='word_1_322' title='bbox 251 3648 439 3717; x_wconf 87' lang='lat' dir='ltr'><strong>adamasse</strong></span> <span class='ocrx_word' id='word_1_323' title='bbox 462 3650 634 3737; x_wconf 67' lang='lat' dir='ltr'><strong>uacans)</strong></span> 
     </span>
    </p>

    <p class='ocr_par' dir='ltr' id='par_1_9' title="bbox 249 3754 2066 4487">
     <span class='ocr_line' id='line_1_32' title="bbox 413 3754 2064 3850; baseline 0.004 -27"><span class='ocrx_word' id='word_1_324' title='bbox 413 3754 481 3824; x_wconf 91' lang='lat' dir='ltr'><strong>Sed</strong></span> <span class='ocrx_word' id='word_1_325' title='bbox 507 3756 588 3844; x_wconf 91' lang='lat' dir='ltr'><strong>quid</strong></span> <span class='ocrx_word' id='word_1_326' title='bbox 621 3759 770 3825; x_wconf 84' lang='lat' dir='ltr'><strong>mirum?</strong></span> <span class='ocrx_word' id='word_1_327' title='bbox 817 3755 1039 3827; x_wconf 88' lang='lat' dir='ltr'><strong>Scholasticis</strong></span> <span class='ocrx_word' id='word_1_328' title='bbox 1062 3759 1184 3826; x_wconf 90' lang='lat' dir='ltr'><strong>studiis</strong></span> <span class='ocrx_word' id='word_1_329' title='bbox 1207 3759 1236 3825; x_wconf 93' lang='lat' dir='ltr'><strong>si</strong></span> <span class='ocrx_word' id='word_1_330' title='bbox 1261 3760 1318 3847; x_wconf 90' lang='lat' dir='ltr'><strong>qui</strong></span> <span class='ocrx_word' id='word_1_331' title='bbox 1343 3760 1422 3826; x_wconf 92' lang='lat' dir='ltr'><strong>inde</strong></span> <span class='ocrx_word' id='word_1_332' title='bbox 1446 3780 1465 3827; x_wconf 90' lang='lat' dir='ltr'><strong>a</strong></span> <span class='ocrx_word' id='word_1_333' title='bbox 1489 3760 1605 3848; x_wconf 93' lang='lat' dir='ltr'><strong>pueris</strong></span> <span class='ocrx_word' id='word_1_334' title='bbox 1630 3760 1749 3828; x_wconf 91' lang='lat' dir='ltr'><strong>imbuti</strong></span> <span class='ocrx_word' id='word_1_335' title='bbox 1774 3781 1818 3828; x_wconf 89' lang='lat' dir='ltr'><strong>ne</strong></span> <span class='ocrx_word' id='word_1_336' title='bbox 1841 3761 1902 3828; x_wconf 90' lang='lat' dir='ltr'><strong>viri</strong></span> <span class='ocrx_word' id='word_1_337' title='bbox 1926 3763 2064 3850; x_wconf 92' lang='lat' dir='ltr'><strong>quidem</strong></span> 
     </span>
     <span class='ocr_line' id='line_1_33' title="bbox 252 3858 2064 3956; baseline 0.007 -31"><span class='ocrx_word' id='word_1_338' title='bbox 252 3858 701 3932; x_wconf 88' lang='lat' dir='ltr'><strong>desieruntdeclamatorum</strong></span> <span class='ocrx_word' id='word_1_339' title='bbox 710 3865 848 3933; x_wconf 90' lang='lat' dir='ltr'><strong>circulis</strong></span> <span class='ocrx_word' id='word_1_340' title='bbox 873 3865 929 3949; x_wconf 86' lang='lat' dir='ltr'><strong>uti,</strong></span> <span class='ocrx_word' id='word_1_341' title='bbox 952 3886 1021 3933; x_wconf 89' lang='lat' dir='ltr'><strong>non</strong></span> <span class='ocrx_word' id='word_1_342' title='bbox 1050 3870 1206 3955; x_wconf 89' lang='lat' dir='ltr'><strong>poterant</strong></span> <span class='ocrx_word' id='word_1_343' title='bbox 1236 3886 1305 3933; x_wconf 89' lang='lat' dir='ltr'><strong>non</strong></span> <span class='ocrx_word' id='word_1_344' title='bbox 1331 3866 1422 3933; x_wconf 90' lang='lat' dir='ltr'><strong>illius</strong></span> <span class='ocrx_word' id='word_1_345' title='bbox 1437 3867 1485 3934; x_wconf 88' lang='lat' dir='ltr'><strong>rei</strong></span> <span class='ocrx_word' id='word_1_346' title='bbox 1501 3867 1715 3954; x_wconf 88' lang='lat' dir='ltr'><strong>signatotam</strong></span> <span class='ocrx_word' id='word_1_347' title='bbox 1731 3888 1793 3956; x_wconf 90' lang='lat' dir='ltr'><strong>per</strong></span> <span class='ocrx_word' id='word_1_348' title='bbox 1808 3867 1909 3935; x_wconf 88' lang='lat' dir='ltr'><strong>vitam</strong></span> <span class='ocrx_word' id='word_1_349' title='bbox 1930 3889 2064 3938; x_wconf 88' lang='lat' dir='ltr'><strong>servare</strong></span> 
     </span>
     <span class='ocr_line' id='line_1_34' title="bbox 251 3969 2066 4061; baseline 0.007 -29"><span class='ocrx_word' id='word_1_350' title='bbox 251 3984 291 4033; x_wconf 88' lang='lat' dir='ltr'><strong>ac</strong></span> <span class='ocrx_word' id='word_1_351' title='bbox 314 3986 395 4054; x_wconf 88' lang='lat' dir='ltr'><strong>prae</strong></span> <span class='ocrx_word' id='word_1_352' title='bbox 410 3987 447 4035; x_wconf 93' lang='lat' dir='ltr'><strong>se</strong></span> <span class='ocrx_word' id='word_1_353' title='bbox 462 3969 558 4037; x_wconf 88' lang='lat' dir='ltr'><strong>terre.</strong></span> <span class='ocrx_word' id='word_1_354' title='bbox 606 3971 692 4051; x_wconf 86' lang='lat' dir='ltr'><strong>,Die</strong></span> <span class='ocrx_word' id='word_1_355' title='bbox 707 3972 741 4038; x_wconf 94' lang='lat' dir='ltr'><strong>in</strong></span> <span class='ocrx_word' id='word_1_356' title='bbox 757 3971 823 4040; x_wconf 89' lang='lat' dir='ltr'><strong>den</strong></span> <span class='ocrx_word' id='word_1_357' title='bbox 843 3972 966 4058; x_wconf 82' lang='lat' dir='ltr'><strong>Jahren</strong></span> <span class='ocrx_word' id='word_1_358' title='bbox 990 3973 1052 4040; x_wconf 86' lang='lat' dir='ltr'><strong>der</strong></span> <span class='ocrx_word' id='word_1_359' title='bbox 1072 3974 1215 4059; x_wconf 83' lang='lat' dir='ltr'><strong>grdbten</strong></span> <span class='ocrx_word' id='word_1_360' title='bbox 1241 3972 1548 4061; x_wconf 73' lang='lat' dir='ltr'><strong>Empianglichkeit</strong></span> <span class='ocrx_word' id='word_1_361' title='bbox 1570 3974 1604 4041; x_wconf 93' lang='lat' dir='ltr'><strong>in</strong></span> <span class='ocrx_word' id='word_1_362' title='bbox 1634 3994 1674 4041; x_wconf 92' lang='lat' dir='ltr'><strong>so</strong></span> <span class='ocrx_word' id='word_1_363' title='bbox 1699 3975 1849 4042; x_wconf 88' lang='lat' dir='ltr'><strong>reichem</strong></span> <span class='ocrx_word' id='word_1_364' title='bbox 1873 3975 1970 4043; x_wconf 85' lang='lat' dir='ltr'><strong>Masse</strong></span> <span class='ocrx_word' id='word_1_365' title='bbox 1994 3979 2066 4044; x_wconf 91' lang='lat' dir='ltr'><strong>aul-</strong></span> 
     </span>
     <span class='ocr_line' id='line_1_35' title="bbox 249 4076 2064 4168; baseline 0.007 -28"><span class='ocrx_word' id='word_1_366' title='bbox 249 4092 509 4158; x_wconf 88' lang='lat' dir='ltr'><strong>genommenen</strong></span> <span class='ocrx_word' id='word_1_367' title='bbox 534 4076 602 4142; x_wconf 91' lang='lat' dir='ltr'><strong>und</strong></span> <span class='ocrx_word' id='word_1_368' title='bbox 626 4078 693 4145; x_wconf 88' lang='lat' dir='ltr'><strong>lest</strong></span> <span class='ocrx_word' id='word_1_369' title='bbox 715 4078 961 4167; x_wconf 81' lang='lat' dir='ltr'><strong>eingepriigten</strong></span> <span class='ocrx_word' id='word_1_370' title='bbox 986 4078 1177 4146; x_wconf 87' lang='lat' dir='ltr'><strong>Eindriicke</strong></span> <span class='ocrx_word' id='word_1_371' title='bbox 1201 4079 1338 4147; x_wconf 87' lang='lat' dir='ltr'><strong>mussten</strong></span> <span class='ocrx_word' id='word_1_372' title='bbox 1375 4080 1448 4148; x_wconf 89' lang='lat' dir='ltr'><strong>ihre</strong></span> <span class='ocrx_word' id='word_1_373' title='bbox 1472 4081 1634 4168; x_wconf 88' lang='lat' dir='ltr'><strong>Wertung</strong></span> <span class='ocrx_word' id='word_1_374' title='bbox 1657 4083 1711 4148; x_wconf 88' lang='lat' dir='ltr'><strong>liir</strong></span> <span class='ocrx_word' id='word_1_375' title='bbox 1733 4082 1795 4149; x_wconf 90' lang='lat' dir='ltr'><strong>das</strong></span> <span class='ocrx_word' id='word_1_376' title='bbox 1816 4102 1926 4168; x_wconf 89' lang='lat' dir='ltr'><strong>ganze</strong></span> <span class='ocrx_word' id='word_1_377' title='bbox 1952 4084 2064 4152; x_wconf 90' lang='lat' dir='ltr'><strong>Leben</strong></span> 
     </span>
     <span class='ocr_line' id='line_1_36' title="bbox 251 4177 2065 4276; baseline 0.009 -32"><span class='ocrx_word' id='word_1_378' title='bbox 251 4177 469 4265; x_wconf 67' lang='lat' dir='ltr'><strong>behaltenf‘4)</strong></span> <span class='ocrx_word' id='word_1_379' title='bbox 499 4180 587 4248; x_wconf 88' lang='lat' dir='ltr'><strong>Nam</strong></span> <span class='ocrx_word' id='word_1_380' title='bbox 613 4184 729 4271; x_wconf 84' lang='lat' dir='ltr'><strong>,pueri</strong></span> <span class='ocrx_word' id='word_1_381' title='bbox 754 4185 824 4252; x_wconf 91' lang='lat' dir='ltr'><strong>lere</strong></span> <span class='ocrx_word' id='word_1_382' title='bbox 847 4188 906 4253; x_wconf 88' lang='lat' dir='ltr'><strong>ant</strong></span> <span class='ocrx_word' id='word_1_383' title='bbox 928 4186 1069 4253; x_wconf 88' lang='lat' dir='ltr'><strong>invenes</strong></span> <span class='ocrx_word' id='word_1_384' title='bbox 1092 4187 1206 4254; x_wconf 91' lang='lat' dir='ltr'><strong>scolas</strong></span> <span class='ocrx_word' id='word_1_385' title='bbox 1228 4187 1444 4276; x_wconf 83' lang='lat' dir='ltr'><strong>frequentant</strong></span> <span class='ocrx_word' id='word_1_386' title='bbox 1467 4186 1560 4275; x_wconf 85' lang='lat' dir='ltr'><strong>(Sen.</strong></span> <span class='ocrx_word' id='word_1_387' title='bbox 1585 4190 1688 4276; x_wconf 90' lang='lat' dir='ltr'><strong>prael.</strong></span> <span class='ocrx_word' id='word_1_388' title='bbox 1711 4189 1799 4272; x_wconf 87' lang='grc'>3.15)</span> <span class='ocrx_word' id='word_1_389' title='bbox 1828 4188 2065 4260; x_wconf 86' lang='lat' dir='ltr'><strong>adulescentes</strong></span> 
     </span>
     <span class='ocr_line' id='line_1_37' title="bbox 250 4284 2066 4385; baseline 0.008 -34"><span class='ocrx_word' id='word_1_390' title='bbox 250 4284 466 4352; x_wconf 91' lang='lat' dir='ltr'><strong>deducuntur</strong></span> <span class='ocrx_word' id='word_1_391' title='bbox 495 4287 530 4354; x_wconf 92' lang='lat' dir='ltr'><strong>in</strong></span> <span class='ocrx_word' id='word_1_392' title='bbox 560 4308 701 4357; x_wconf 90' lang='lat' dir='ltr'><strong>scenam</strong></span> <span class='ocrx_word' id='word_1_393' title='bbox 734 4293 1028 4375; x_wconf 91' lang='lat' dir='ltr'><strong>scholasticorum,</strong></span> <span class='ocrx_word' id='word_1_394' title='bbox 1066 4292 1124 4382; x_wconf 92' lang='lat' dir='ltr'><strong>qui</strong></span> <span class='ocrx_word' id='word_1_395' title='bbox 1157 4293 1311 4360; x_wconf 89' lang='lat' dir='ltr'><strong>rhetores</strong></span> <span class='ocrx_word' id='word_1_396' title='bbox 1332 4298 1498 4361; x_wconf 90' lang='lat' dir='ltr'><strong>vocantur</strong></span> <span class='ocrx_word' id='word_1_397' title='bbox 1519 4294 1559 4376; x_wconf 83' lang='grc' dir='ltr'><strong>(Τ</strong></span> <span class='ocrx_word' id='word_1_398' title='bbox 1559 4314 1609 4362; x_wconf 89' lang='lat' dir='ltr'><strong>ac.</strong></span> <span class='ocrx_word' id='word_1_399' title='bbox 1632 4294 1709 4362; x_wconf 90' lang='lat' dir='ltr'><strong>dial.</strong></span> <span class='ocrx_word' id='word_1_400' title='bbox 1732 4296 1798 4380; x_wconf 87' lang='grc'>35),</span> <span class='ocrx_word' id='word_1_401' title='bbox 1823 4294 1964 4364; x_wconf 88' lang='lat' dir='ltr'><strong>invenes</strong></span> <span class='ocrx_word' id='word_1_402' title='bbox 1986 4319 2066 4385; x_wconf 89' lang='lat' dir='ltr'><strong>pro-</strong></span> 
     </span>
     <span class='ocr_line' id='line_1_38' title="bbox 250 4390 1108 4487; baseline 0.009 -29"><span class='ocrx_word' id='word_1_403' title='bbox 250 4390 359 4459; x_wconf 89' lang='lat' dir='ltr'><strong>tectus</strong></span> <span class='ocrx_word' id='word_1_404' title='bbox 382 4392 435 4460; x_wconf 90' lang='lat' dir='ltr'><strong>sui</strong></span> <span class='ocrx_word' id='word_1_405' title='bbox 459 4413 564 4462; x_wconf 87' lang='lat' dir='ltr'><strong>causa</strong></span> <span class='ocrx_word' id='word_1_406' title='bbox 587 4400 741 4465; x_wconf 89' lang='lat' dir='ltr'><strong>oratores</strong></span> <span class='ocrx_word' id='word_1_407' title='bbox 766 4403 938 4466; x_wconf 84' lang='lat' dir='ltr'><strong>sectantur</strong></span> <span class='ocrx_word' id='word_1_408' title='bbox 961 4400 1020 4487; x_wconf 85' lang='lat' dir='ltr'><strong>(ib.</strong></span> <span class='ocrx_word' id='word_1_409' title='bbox 1042 4400 1108 4484; x_wconf 82' lang='lat'><strong>20).</strong></span> 
     </span>
    </p>

    <p class='ocr_par' dir='ltr' id='par_1_10' title="bbox 411 4496 2063 4596">
     <span class='ocr_line' id='line_1_39' title="bbox 411 4496 2063 4596; baseline 0.007 -30"><span class='ocrx_word' id='word_1_410' title='bbox 411 4496 477 4582; x_wconf 90' lang='lat' dir='ltr'><strong>Qui</strong></span> <span class='ocrx_word' id='word_1_411' title='bbox 506 4521 610 4589; x_wconf 90' lang='lat' dir='ltr'><strong>quam</strong></span> <span class='ocrx_word' id='word_1_412' title='bbox 634 4503 743 4571; x_wconf 92' lang='lat' dir='ltr'><strong>avidis</strong></span> <span class='ocrx_word' id='word_1_413' title='bbox 766 4505 906 4573; x_wconf 91' lang='lat' dir='ltr'><strong>auribus</strong></span> <span class='ocrx_word' id='word_1_414' title='bbox 943 4506 1140 4594; x_wconf 81' lang='lat' dir='ltr'><strong>exceperint</strong></span> <span class='ocrx_word' id='word_1_415' title='bbox 1172 4506 1439 4574; x_wconf 89' lang='lat' dir='ltr'><strong>declamatorum</strong></span> <span class='ocrx_word' id='word_1_416' title='bbox 1477 4506 1724 4596; x_wconf 83' lang='lat' dir='ltr'><strong>explicationes</strong></span> <span class='ocrx_word' id='word_1_417' title='bbox 1762 4507 1858 4574; x_wconf 90' lang='lat' dir='ltr'><strong>testis</strong></span> <span class='ocrx_word' id='word_1_418' title='bbox 1894 4509 1938 4576; x_wconf 90' lang='lat' dir='ltr'><strong>sit</strong></span> <span class='ocrx_word' id='word_1_419' title='bbox 1973 4509 2063 4577; x_wconf 91' lang='lat' dir='ltr'><strong>idem</strong></span> 
     </span>
    </p>
   </div>
   <div class='ocr_carea' id='block_1_5' title="bbox 404 4657 2065 5027">
    <p class='ocr_par' dir='ltr' id='par_1_11' title="bbox 410 4657 2065 4809">
     <span class='ocr_line' id='line_1_40' title="bbox 410 4657 2065 4740; baseline 0.007 -25"><span class='ocrx_word' id='word_1_420' title='bbox 410 4659 433 4729; x_wconf 85' lang='lat'><strong>¹)</strong></span> <span class='ocrx_word' id='word_1_421' title='bbox 451 4658 488 4716; x_wconf 91' lang='lat' dir='ltr'><strong>ci.</strong></span> <span class='ocrx_word' id='word_1_422' title='bbox 507 4657 577 4716; x_wconf 90' lang='lat' dir='ltr'><strong>Sen.</strong></span> <span class='ocrx_word' id='word_1_423' title='bbox 595 4664 688 4717; x_wconf 90' lang='lat' dir='ltr'><strong>contr.</strong></span> <span class='ocrx_word' id='word_1_424' title='bbox 709 4663 762 4732; x_wconf 80' lang='lat'><strong>2,4,</strong></span> <span class='ocrx_word' id='word_1_425' title='bbox 783 4666 844 4733; x_wconf 78' lang='lat' dir='ltr'><strong>b,6;</strong></span> <span class='ocrx_word' id='word_1_426' title='bbox 867 4666 970 4734; x_wconf 84' lang='lat'><strong>10,5,22</strong></span> <span class='ocrx_word' id='word_1_427' title='bbox 988 4663 1069 4722; x_wconf 80' lang='lat' dir='ltr'><strong>Suet</strong></span> <span class='ocrx_word' id='word_1_428' title='bbox 1085 4664 1162 4736; x_wconf 85' lang='lat' dir='ltr'><strong>Aug.</strong></span> <span class='ocrx_word' id='word_1_429' title='bbox 1180 4668 1233 4720; x_wconf 84' lang='lat'><strong>89:</strong></span> <span class='ocrx_word' id='word_1_430' title='bbox 1253 4666 1412 4722; x_wconf 87' lang='lat' dir='ltr'><strong>recitantes</strong></span> <span class='ocrx_word' id='word_1_431' title='bbox 1432 4670 1462 4723; x_wconf 89' lang='lat' dir='ltr'><strong>et</strong></span> <span class='ocrx_word' id='word_1_432' title='bbox 1480 4667 1609 4738; x_wconf 85' lang='lat' dir='ltr'><strong>benigne</strong></span> <span class='ocrx_word' id='word_1_433' title='bbox 1635 4670 1665 4723; x_wconf 88' lang='lat' dir='ltr'><strong>et</strong></span> <span class='ocrx_word' id='word_1_434' title='bbox 1686 4666 1835 4740; x_wconf 89' lang='lat' dir='ltr'><strong>patientes</strong></span> <span class='ocrx_word' id='word_1_435' title='bbox 1854 4668 1980 4735; x_wconf 87' lang='lat' dir='ltr'><strong>andivit;</strong></span> <span class='ocrx_word' id='word_1_436' title='bbox 2009 4686 2065 4727; x_wconf 90' lang='lat' dir='ltr'><strong>nec</strong></span> 
     </span>
     <span class='ocr_line' id='line_1_41' title="bbox 458 4733 1452 4809; baseline 0.005 -21"><span class='ocrx_word' id='word_1_437' title='bbox 458 4734 572 4788; x_wconf 87' lang='lat' dir='ltr'><strong>tantum</strong></span> <span class='ocrx_word' id='word_1_438' title='bbox 591 4733 724 4790; x_wconf 86' lang='lat' dir='ltr'><strong>carmina</strong></span> <span class='ocrx_word' id='word_1_439' title='bbox 742 4737 773 4790; x_wconf 88' lang='lat' dir='ltr'><strong>et</strong></span> <span class='ocrx_word' id='word_1_440' title='bbox 793 4735 943 4804; x_wconf 87' lang='lat' dir='ltr'><strong>historias,</strong></span> <span class='ocrx_word' id='word_1_441' title='bbox 962 4738 1017 4792; x_wconf 86' lang='lat' dir='ltr'><strong>sed</strong></span> <span class='ocrx_word' id='word_1_442' title='bbox 1037 4739 1068 4792; x_wconf 90' lang='lat' dir='ltr'><strong>et</strong></span> <span class='ocrx_word' id='word_1_443' title='bbox 1085 4736 1236 4793; x_wconf 85' lang='lat' dir='ltr'><strong>orationes</strong></span> <span class='ocrx_word' id='word_1_444' title='bbox 1256 4740 1286 4793; x_wconf 87' lang='lat' dir='ltr'><strong>et</strong></span> <span class='ocrx_word' id='word_1_445' title='bbox 1305 4737 1452 4809; x_wconf 87' lang='lat' dir='ltr'><strong>dialogos.</strong></span> 
     </span>
    </p>

    <p class='ocr_par' dir='ltr' id='par_1_12' title="bbox 404 4800 1543 4933">
     <span class='ocr_line' id='line_1_42' title="bbox 404 4800 1543 4933; baseline 0.004 -73"><span class='ocrx_word' id='word_1_446' title='bbox 404 4800 433 4911; x_wconf 50' lang='grc' dir='ltr'><strong>ζ)</strong></span> <span class='ocrx_word' id='word_1_447' title='bbox 452 4802 543 4931; x_wconf 59' lang='lat' dir='ltr'><strong>istqiettn</strong></span> <span class='ocrx_word' id='word_1_448' title='bbox 555 4805 830 4933; x_wconf 55' lang='lat' dir='ltr'><strong>ffi‚d{3⁶¹?‘7g¹6⁸⁸‘</strong></span> <span class='ocrx_word' id='word_1_449' title='bbox 849 4807 959 4879; x_wconf 89' lang='lat' dir='ltr'><strong>quinct.</strong></span> <span class='ocrx_word' id='word_1_450' title='bbox 977 4808 1088 4867; x_wconf 84' lang='lat' dir='ltr'><strong>Redeo.</strong></span> <span class='ocrx_word' id='word_1_451' title='bbox 1125 4809 1193 4880; x_wconf 88' lang='lat' dir='ltr'><strong>Prg.</strong></span> <span class='ocrx_word' id='word_1_452' title='bbox 1212 4808 1361 4865; x_wconf 87' lang='lat' dir='ltr'><strong>Miiuchen</strong></span> <span class='ocrx_word' id='word_1_453' title='bbox 1383 4811 1451 4865; x_wconf 80' lang='lat'>1892</span> <span class='ocrx_word' id='word_1_454' title='bbox 1469 4826 1499 4882; x_wconf 93' lang='lat' dir='ltr'><strong>p.</strong></span> <span class='ocrx_word' id='word_1_455' title='bbox 1517 4813 1543 4865; x_wconf 80' lang='lat'><strong>5.</strong></span> 
     </span>
    </p>

    <p class='ocr_par' dir='ltr' id='par_1_13' title="bbox 411 4871 1810 5027">
     <span class='ocr_line' id='line_1_43' title="bbox 411 4871 1810 5027; baseline 0.007 -28"><span class='ocrx_word' id='word_1_456' title='bbox 411 4871 436 5013; x_wconf 51' lang='grc' dir='ltr'><strong>*ζ</strong></span> <span class='ocrx_word' id='word_1_457' title='bbox 454 4944 662 5004; x_wconf 85' lang='lat' dir='ltr'><strong>Friediiinder:</strong></span> <span class='ocrx_word' id='word_1_458' title='bbox 681 4917 753 5005; x_wconf 62' lang='lat' dir='ltr'><strong>bist]</strong></span> <span class='ocrx_word' id='word_1_459' title='bbox 769 4964 842 5005; x_wconf 85' lang='lat' dir='ltr'><strong>mor.</strong></span> <span class='ocrx_word' id='word_1_460' title='bbox 863 4948 898 5005; x_wconf 91' lang='lat' dir='ltr'><strong>ili</strong></span> <span class='ocrx_word' id='word_1_461' title='bbox 917 4967 947 5023; x_wconf 92' lang='lat' dir='ltr'><strong>p.</strong></span> <span class='ocrx_word' id='word_1_462' title='bbox 965 4952 1037 5020; x_wconf 82' lang='grc'>384;</span> <span class='ocrx_word' id='word_1_463' title='bbox 1057 4966 1087 5023; x_wconf 94' lang='lat' dir='ltr'><strong>p.</strong></span> <span class='ocrx_word' id='word_1_464' title='bbox 1105 4948 1176 5017; x_wconf 75' lang='lat'><strong>³963</strong></span> <span class='ocrx_word' id='word_1_465' title='bbox 1195 4950 1334 5007; x_wconf 89' lang='lat' dir='ltr'><strong>Nordeo:</strong></span> <span class='ocrx_word' id='word_1_466' title='bbox 1353 4949 1421 5007; x_wconf 81' lang='lat' dir='ltr'><strong>Ant</strong></span> <span class='ocrx_word' id='word_1_467' title='bbox 1440 4951 1580 5025; x_wconf 87' lang='lat' dir='ltr'><strong>Kunstpr.</strong></span> <span class='ocrx_word' id='word_1_468' title='bbox 1599 4953 1609 5008; x_wconf 92' lang='lat'><em>1</em></span> <span class='ocrx_word' id='word_1_469' title='bbox 1628 4969 1659 5025; x_wconf 92' lang='lat' dir='ltr'><strong>p.</strong></span> <span class='ocrx_word' id='word_1_470' title='bbox 1677 4955 1731 5009; x_wconf 78' lang='grc'><strong>236</strong></span> <span class='ocrx_word' id='word_1_471' title='bbox 1744 4970 1810 5027; x_wconf 85' lang='lat' dir='ltr'><strong>sqq.</strong></span> 
     </span>
    </p>
   </div>
   <div class='ocr_carea' id='block_1_6' title="bbox 0 0 2342 5572">
    <p class='ocr_par' dir='ltr' id='par_1_14' title="bbox 0 0 2342 5572">
     <span class='ocr_line' id='line_1_44' title="bbox 0 0 2342 5572; baseline 0 0"><span class='ocrx_word' id='word_1_472' title='bbox 0 0 2342 5572; x_wconf 95' lang='lat' dir='ltr'><strong> </strong></span> 
     </span>
    </p>
   </div>
  </div>
 </body>
</html>
