4675 5575
1149 342 1169 405 7

163 642 165 645 Α
260 567 362 633 arent
385 562 498 630 otiose
521 557 698 627 audientes
729 556 863 644 illisque
887 554 1069 642 placerent
1133 553 1169 620 ld
1200 573 1238 621 se
1267 573 1369 640 agere
1398 555 1514 641 aperte
1547 549 1686 620 Cestius
1718 553 1834 618 rhetor
1862 550 1982 618 latetur
2009 569 2063 638 ap.

241 669 330 740 Sen.
352 671 460 736 contr.
481 668 599 734 9.b.l2:
621 664 745 747 ,multa
769 662 858 743 dico,
882 680 951 728 non
967 660 1047 747 quia
1070 659 1153 727 mihi
1178 659 1322 748 placent,
1345 658 1406 727 sed
1435 659 1517 748 quia
1539 657 1757 726 audientibus
1780 656 1946 746 placitura
1967 660 2063 736 sunt,

415 772 594 842 Placebant
618 774 732 838 autem
764 767 977 837 auditoribus
1006 766 1167 835 materiae
1192 766 1459 849 „incredibiliter
1482 765 1695 854 compositae
1722 764 2061 852 ..tyrannicidarum

248 882 405 973 praemia
426 885 483 949 aut
503 878 693 946 vitiatarum
717 876 906 945 electiones
933 877 987 942 aat
1010 873 1224 962 pestilentiae
1243 873 1395 942 remedia
1418 878 1478 941 aut
1493 874 1622 940 incesta
1644 877 1798 954 matrum,
1820 875 1878 939 aut
1895 871 2061 961 quidquid

250 991 285 1057 in
310 989 426 1057 schola
447 984 572 1053 cotidie
595 983 714 1071 agitur,
738 983 771 1051 in
796 984 872 1051 toro
896 982 948 1050 vel
973 1001 1049 1048 raro
1072 980 1125 1048 vel
1151 986 1347 1069 nunquam“
1371 980 1462 1066 (Tac.
1489 979 1655 1064 (113135.)

404 1094 477 1161 Hae
502 1096 534 1159 et
556 1091 688 1160 similes
712 1093 808 1158 erant
831 1089 1001 1170 materiae,
1024 1107 1113 1177 quae
1138 1088 1172 1153 in
1198 1087 1440 1155 controversiis
1464 1085 1681 1154 scholasticis
1706 1084 2063 1174 potissimumsstracta·

245 1204 373 1270 bantur.
418 1200 538 1289 Neque
563 1215 775 1287 magnopere
797 1196 1020 1265 variabantur.
1060 1191 1206 1276 „Ociidit
1229 1194 1377 1262 miseros
1410 1193 1550 1261 crambe
1574 1191 1715 1280 repetita
1738 1191 1947 1278 magistros“,
1968 1192 2063 1259 luve-

242 1309 330 1377 nalis
352 1306 503 1398 queritur
526 1307 600 1394 ipse
625 1305 765 1373 scholae
789 1302 964 1392 quondam
990 1300 1160 1387 magister.
1208 1299 1260 1367 De
1284 1298 1449 1368 adulterio
1473 1320 1501 1367 e.
1523 1320 1555 1386 g.
1581 1300 1742 1365 tractatur
1757 1298 1791 1365 in
1811 1299 2063 1382 controversiis,

239 1436 330 1505 quae
354 1417 487 1482 exstant
510 1409 664 1480 Senecae
688 1411 816 1500 septies
838 1413 883 1498 (1,
898 1412 932 1490 4;
960 1412 985 1491 1,
1002 1410 1035 1490 7;
1058 1409 1089 1489 2,
1108 1410 1140 1487 7;
1159 1409 1234 1489 4,7;
1265 1409 1295 1488 b,
1311 1411 1344 1488 b;
1369 1409 1398 1488 7,
1416 1409 1451 1486 53
1474 1409 1504 1488 9,
1525 1406 1570 1489 l;)
1607 1403 1742 1488 Quinct
1770 1405 1856 1473 decl.
1887 1407 1963 1474 mai.
1988 1408 2062 1474 18ἰθὸ

240 1521 338 1611 Calp.
363 1522 470 1589 Flacc.
493 1519 548 1585 8¹⁰³
574 1520 619 1605 (1,
643 1520 672 1600 2,
700 1520 748 1599 11,
775 1519 823 1600 17,
841 1519 894 1598 23,
916 1518 968 1598 31,
991 1517 1044 1596 40,
1066 1515 1118 1594 48,
1140 1513 1208 1599 59.)

373 1701 375 1706 ,
412 1644 493 1711 lnde
517 1643 677 1710 etiectum
702 1661 779 1710 esse
802 1645 950 1730 apparet,
974 1643 1010 1706 ut
1034 1659 1103 1706 non
1135 1638 1240 1706 modo
1272 1639 1305 1705 in
1337 1638 1564 1727 paucissimas
1594 1636 1752 1705 materias
1782 1638 1843 1705 sed
1877 1638 1978 1707 etiam
2008 1641 2060 1722 „in

247 1752 481 1843 paucissimos
504 1770 628 1818 sensus
652 1752 685 1816 et
708 1753 869 1836 augustas
893 1746 1078 1815 sententias
1102 1745 1336 1813 detruderetur
1360 1745 1569 1834 elequentia“
1592 1744 1684 1832 (Tac
1707 1744 1784 1812 dial.
1807 1745 1865 1831 32)
1886 1767 1965 1814 nam
1982 1768 2061 1815 cum

247 1860 292 1927 de
314 1857 445 1925 vexatis
469 1856 536 1923 illis
559 1875 647 1944 quae
670 1855 857 1941 agebantur
879 1853 1091 1941 argumentis
1114 1852 1193 1920 novi
1217 1853 1359 1940 proferri
1383 1852 1439 1918 vix
1461 1852 1645 1941 quicquam
1669 1850 1735 1918 iam
1751 1856 1877 1940 posset,
1900 1854 1974 1921 lieri
1991 1875 2060 1923 non

247 1965 365 2054 potuit,
388 1965 471 2054 quin
494 1963 638 2031 eandem
663 1963 715 2028 vel
739 1981 812 2028 rem
840 1960 893 2029 vel
917 1960 1120 2028 sententiam
1149 1960 1235 2027 alius
1264 1959 1368 2027 alium
1400 1958 1564 2026 imitando
1595 1957 1717 2024 iterum
1752 1957 1944 2049 iterumque
1973 1962 2061 2030 alius

248 2072 314 2139 alia
337 2071 520 2138 variatione
542 2069 656 2136 verbis
679 2068 894 2157 exprimeret
940 2067 1091 2149 Formae,
1115 2088 1184 2135 non
1209 2066 1257 2135 rei
1281 2066 1487 2134 studebatur.
1534 2064 1569 2131 ln
1594 2064 1687 2132 illam
1710 2085 1833 2133 omnes
1862 2066 1895 2134 in
1920 2072 2061 2139 cumbe·

251 2177 339 2244 bant.
386 2175 520 2260 Quibus
548 2175 592 2242 de
621 2174 735 2242 causis
765 2174 879 2241 omnis
909 2177 962 2241 est
990 2174 1195 2250 scholastica
1226 2173 1421 2263 eloquentia
1453 2172 1563 2260 posita
1593 2171 1626 2238 in
1658 2172 1788 2240 lormae
1817 2175 1870 2240 vel
1901 2174 2060 2245 dictionis

251 2283 435 2351 mitatione.
468 2281 687 2348 imitabantur
710 2280 807 2370 pueri
832 2280 866 2346 in
890 2280 1020 2348 scholis
1045 2300 1106 2349 eos
1130 2296 1220 2371 quos
1243 2281 1430 2348 tractabant
1454 2283 1573 2368 poetas
1588 2279 1744 2369 aliosque
1765 2280 1965 2368 scriptores;
1985 2284 2061 2351 imi-

241 2390 397 2458 tabantur
426 2389 673 2468 adulescentes,
702 2408 792 2476 quos
828 2387 1011 2456 audiebant
1040 2389 1203 2469 rhetores,
1238 2388 1392 2454 rhetores
1423 2386 1488 2474 ipsi
1520 2386 1553 2452 in
1587 2385 1814 2454 declamando
1845 2387 2062 2458 imitabantur

243 2495 506 2564 celeberrimum
543 2514 717 2583 quemque
748 2514 825 2561 cum
857 2494 1010 2583 priorum
1042 2497 1112 2561 tum
1146 2495 1300 2582 ipsorum
1331 2497 1527 2580 temporum
1559 2493 1611 2560 vel
1643 2495 1814 2560 oratorem
1843 2495 1896 2561 vel
1927 2502 2059 2583 poetam

238 2604 297 2671 vel
323 2623 436 2670 rerum
460 2601 671 2689 scriptorem.

402 2708 482 2775 lnde
505 2729 588 2776 vero
613 2707 739 2775 exstitit
761 2707 795 2774 in
821 2707 939 2774 litteris
971 2706 1135 2774 Romanis
1164 2713 1245 2774 tunc
1276 2706 1476 2796 praesertim
1507 2706 1674 2794 temporis
1706 2706 1769 2774 late
1798 2706 1961 2775 dillusum
1986 2709 2061 2776 imi-

242 2817 380 2885 tationis
404 2816 563 2882 studium.
608 2814 734 2883 Omnia
756 2816 827 2882 iere
852 2835 939 2904 quae
963 2816 1027 2882 hac
1049 2819 1157 2883 aetate
1181 2815 1306 2903 scripta
1329 2817 1417 2895 sunt,
1442 2814 1544 2880 huius
1560 2813 1608 2880 rei
1628 2833 1710 2901 prae
1725 2834 1762 2881 se
1780 2816 1892 2882 lerunt
1906 2817 2059 2905 vestigia.

241 2923 330 2990 Nam
353 2926 423 2989 tum
446 2942 570 2989 omnes
593 2922 780 3010 scriptores
803 2941 823 2989 a
846 2921 1061 2989 scholasticis
1085 2923 1237 2990 excultas
1261 2926 1394 2988 mentes
1417 2919 1652 2988 ostendebant.

403 3029 472 3097 lam
495 3049 576 3097 vero
600 3012 768 3118 quaenam
792 3028 876 3096 ratio
901 3028 934 3094 in
959 3028 1124 3096 imitando
1149 3033 1241 3096 esset
1263 3028 1456 3096 adhibenda
1480 3025 1613 3095 Seneca
1635 3028 1727 3095 lilius
1751 3029 1784 3094 in
1809 3030 1965 3119 epistulis
1988 3033 2061 3099 suis

245 3135 382 3203 edocuit
405 3136 523 3221 (84.5):
551 3134 624 3201 Nos
654 3154 793 3223 quoque
824 3135 886 3200 has
910 3153 995 3221 apes
1017 3134 1186 3202 debemus
1217 3135 1338 3203 imitari
1370 3140 1403 3203 et
1432 3155 1670 3224 quaecumque
1694 3156 1737 3202 ex
1757 3136 1892 3204 diversa
1916 3138 2060 3206 lectione

243 3242 495 3328 congessimus,
517 3261 675 3329 separare
698 3293 705 3307 .
728 3293 735 3307 .
759 3293 766 3307 .
790 3240 916 3308 deinde
939 3240 1088 3308 adhibita
1112 3241 1240 3327 ingenii
1265 3242 1370 3309 nostri
1396 3262 1476 3309 cura
1500 3245 1532 3309 et
1555 3242 1712 3310 facultate
1727 3242 1761 3309 in
1777 3264 1883 3310 unum
1900 3264 2059 3332 saporem

241 3350 335 3417 varia
359 3349 414 3416 illa
437 3349 620 3416 libamenta
644 3348 864 3430 contundere,
889 3351 925 3415 ut
947 3348 1079 3415 etiamsi
1104 3349 1305 3437 apparuerit,
1330 3349 1420 3415 unde
1444 3352 1618 3436 sumptum
1648 3349 1699 3431 sit,
1729 3349 1820 3416 aliud
1844 3355 1957 3419 tamen
1982 3371 2059 3418 esse

242 3476 346 3545 quam
371 3456 461 3523 unde
485 3459 661 3544 sumptum
685 3460 745 3536 est,
768 3459 937 3543 appareat.

403 3562 496 3630 ldem
522 3562 654 3630 Seneca
677 3562 796 3629 lalsam
822 3562 1020 3629 imitationis
1041 3562 1207 3630 rationem
1228 3562 1334 3628 obicit
1347 3562 1379 3628 L.
1398 3561 1558 3629 Arruntio
1587 3582 1639 3651 ep.
1666 3565 1779 3630 11317
1803 3616 1810 3629 .
1834 3615 1841 3629 .
1864 3565 1926 3632 tuit
1949 3562 2060 3633 Sallu-

242 3668 388 3737 stianus.
402 3673 473 3737 .est
491 3669 581 3758 apud
600 3665 799 3736 Sallustium
815 3669 1019 3751 „exercitum
1042 3673 1185 3756 argento
1208 3668 1305 3735 lecit‘
1327 3669 1346 3735 i.
1370 3690 1398 3735 e.
1422 3669 1569 3756 pecunia
1592 3670 1728 3756 paravit.
1775 3669 1852 3737 lloc
1880 3670 2060 3740 Arruntius

245 3794 359 3842 amare
383 3776 504 3865 coepit.
527 3775 643 3863 posuit
667 3775 747 3842 illud
772 3775 935 3843 omnibus
958 3776 1104 3863 paginis.
1150 3775 1248 3860 Quae
1271 3776 1362 3864 apud
1380 3774 1579 3843 Sallustium
1604 3796 1679 3844 rara
1697 3777 1842 3860 luerunt,
1860 3780 1950 3866 apud
1968 3780 2059 3848 hunc

246 3882 364 3949 crebra
386 3884 465 3949 sunt
488 3884 521 3948 et
544 3901 653 3969 paene
676 3882 836 3949 continua
860 3934 866 3947 .
890 3934 897 3948 .
919 3933 927 3947 .
950 3883 1055 3963 vides,
1079 3883 1162 3971 quid
1187 3887 1357 3972 sequatur,
1382 3884 1439 3950 ubi
1463 3882 1563 3950 alicui
1587 3883 1704 3949 vitium
1730 3904 1792 3971 pro
1817 3886 1976 3974 exemplo
1999 3891 2059 3954 est.

403 3987 491 4055 Sunt
504 3992 619 4056 tamen
635 3988 694 4077 qui
710 3988 933 4056 imitationem
949 3989 1106 4078 quamvis
1126 4009 1146 4056 a
1165 3990 1338 4080 plerisque
1357 3992 1537 4079 probatum
1553 3990 1804 4079 reprehendant
1818 3992 1908 4058 velut
1927 3990 2060 4061 Seneca

244 4100 368 4179 noster,
390 4096 449 4186 qui
473 4095 555 4162 dicit
578 4099 683 4162 contr.
713 4098 759 4176 10,
782 4098 811 4177 4,
835 4098 893 4162 21:
915 4097 1021 4177 „hanc
1051 4097 1254 4164 sententiam
1287 4097 1384 4165 Latro
1415 4097 1536 4164 fortius
1566 4102 1599 4164 et
1620 4097 1751 4165 virilius
1775 4098 1867 4180 dixit,
1897 4099 1955 4188 qui
1988 4121 2057 4166 non

243 4205 356 4289 polest
370 4201 474 4268 iurti
493 4188 675 4289 suspectus
699 4210 797 4269 esse‘⁴
824 4206 856 4269 et
871 4203 973 4290 prael.
1003 4206 1086 4269 l.lO:
1112 4205 1319 4282 ,sententias
1336 4225 1356 4272 a
1375 4203 1611 4272 disertissimis
1634 4204 1715 4271 viris
1740 4204 1877 4272 iactatas
1901 4205 1999 4273 lacile
2024 4207 2057 4273 in

240 4310 331 4375 tanta
355 4308 534 4375 hominum
558 4307 690 4375 desidia
713 4328 775 4396 pro
799 4308 872 4375 suis
894 4308 1012 4375 dicunt
1035 4311 1068 4376 et
1090 4310 1140 4375 sic
1165 4311 1383 4378 sacerrimam
1409 4310 1650 4399 eloquentiam,
1664 4330 1766 4399 quam
1792 4315 1964 4398 praestare
1988 4334 2057 4380 non

242 4418 396 4502 possunt,
418 4415 547 4481 violare
575 4434 643 4481 non
674 4415 863 4481 desinunt“
910 4414 975 4482 Alii
999 4436 1080 4483 vero
1103 4436 1124 4483 a
1146 4417 1204 4483 tali
1235 4417 1368 4483 crimini
1399 4437 1477 4484 sese
1508 4416 1695 4483 detendunt
1724 4418 1815 4483 velut
1846 4417 1975 4485 Fuscus
2006 4439 2058 4507 ap.

243 4518 322 4589 Sen.
346 4525 451 4589 contr.
474 4525 504 4604 9,
532 4525 557 4603 1,
585 4524 632 4602 13,
654 4542 751 4604 „cum
775 4521 882 4590 Adaei
906 4523 1073 4589 sententia
1096 4523 1297 4605 obiceretur,
1322 4544 1390 4590 non
1416 4523 1550 4590 infitiari
1574 4522 1685 4589 aiebat
1699 4523 1910 4591 transtulisse
1927 4545 1964 4592 se
1981 4545 2056 4592 eam

244 4626 278 4694 in
301 4629 443 4696 latinum
467 4649 614 4696 ..non
640 4629 1018 4696 commendationis
1043 4628 1076 4695 id
1097 4649 1134 4697 se
1157 4634 1215 4696 ant
1239 4630 1348 4712 lurti,
1373 4631 1432 4698 sed
1458 4629 1708 4697 exercitationis
1732 4650 1836 4697 causa
1853 4632 1974 4698 iacere.
2003 4631 2062 4714 do,

245 4732 362 4823 inquit,
385 4754 535 4823 operam,
555 4740 590 4802 ut
612 4756 691 4802 cum
711 4735 850 4823 optimis
873 4736 1050 4802 sententiis
1074 4740 1212 4819 certem,
1236 4756 1300 4803 nec
1324 4737 1399 4806 illas
1427 4757 1647 4825 corrumpere
1671 4757 1786 4819 conor,
1809 4737 1870 4804 sed
1893 4737 2058 4805 vincere“.

405 4839 516 4924 Quam
541 4843 713 4928 vulgatum
738 4840 839 4908 luerit
862 4841 895 4907 in
920 4841 1126 4909 scholastica
1150 4842 1302 4910 imitandi
1316 4843 1476 4910 studium.
1494 4843 1622 4932 optime
1638 4844 1890 4911 demonstratur
1904 4840 2057 4912 Senecae

241 4947 350 5034 patris
373 4948 489 5035 operis
512 4949 668 5038 plurimis
693 4948 792 5016 locis:
