4675 5575
1102 360 1139 423 13

213 579 434 647 behutsamer
463 573 640 642 verlahren
671 570 739 638 und
771 569 865 637 nicht
886 569 1076 657 iedwede
1107 552 1379 636 dhnlichkeit
1406 568 1533 635 durch
1565 565 1834 652 Statuierung
1863 566 1934 634 des
1963 565 2041 633 llb-

213 676 798 771 hingigleitsverhiltnisses
817 676 1038 743 *zwischen
1067 676 1166 743 zwei
1200 674 1542 744 Schrittstellern
1567 675 1762 741 erkldren.

376 789 497 877 Neque
519 805 600 854 vero
623 783 748 851 desunt
769 782 832 850 viri
860 781 963 864 docti,
985 782 1043 872 qui
1067 782 1341 865 communitates,
1371 801 1549 872 quaequae
1580 784 1713 848 exstant
1744 780 1835 869 apud
1869 779 2041 847 latinitatis

215 900 397 985 argenteae
420 892 613 980 scriptores,
636 890 682 958 ita
704 889 946 978 expediverint,
970 894 1006 956 ut
1029 890 1172 956 alterum
1196 910 1239 956 ex
1261 890 1367 957 altero
1391 888 1587 977 dependere
1616 887 1900 973 contenderentll
1920 905 2041 976 neque,

217 1007 252 1072 ut
275 1006 391 1071 nostra
413 1002 464 1067 est
487 997 616 1086 opinio,
637 997 821 1064 maximam
837 996 908 1063 lere
925 998 1056 1084 partem
1070 1015 1147 1063 esse
1162 1000 1317 1084 sumptas
1336 1016 1378 1064 ex
1392 995 1608 1063 scholasticis
1624 999 1706 1062 tunc
1723 994 2040 1062 declamationibus.

375 1125 496 1212 Neque
520 1123 634 1190 solum
666 1126 803 1189 mutuae
839 1119 1090 1203 similitudines,
1126 1141 1215 1210 quae
1255 1120 1490 1188 interecedunt
1523 1120 1609 1187 inter
1643 1121 1838 1207 scriptores,
1877 1118 1911 1184 in
1950 1119 2041 1184 hunc

219 1235 361 1303 modum
384 1230 609 1320 explicandae
633 1232 722 1311 sunt
745 1227 807 1295 sed
834 1227 937 1295 etiam
960 1227 1095 1294 illorum
1120 1241 1201 1294 cum
1225 1228 1396 1316 prioribus
1419 1227 1644 1315 scriptoribus
1667 1226 1940 1307 communitates,
1951 1224 2042 1290 velut

217 1343 247 1411 si
271 1361 359 1432 quae
391 1337 695 1427 deprehenduntur
733 1356 811 1402 cum
835 1333 983 1420 Vergilio
1007 1331 1130 1400 Ovidio
1154 1336 1275 1422 poetis,
1298 1356 1376 1402 cum
1401 1333 1572 1415 Sallustio,
1596 1333 1759 1401 Cornelio
1778 1333 1921 1421 Nepote,
1940 1330 2040 1398 Cice-

219 1470 312 1533 rone,
337 1447 431 1513 Livio
455 1463 579 1534 prosae
609 1441 774 1510 orationis
798 1440 1038 1528 scriptoribus;
1070 1439 1166 1523 Nam,
1200 1446 1236 1508 ut
1265 1461 1368 1530 supra
1394 1441 1627 1529 exposuimus,
1651 1439 1819 1530 quidquid
1844 1459 1863 1506 a
1888 1438 2041 1527 priorum

220 1562 415 1644 temporum
439 1549 636 1618 auctoribus
659 1545 830 1635 splendidi
854 1550 955 1636 atque
979 1545 1149 1632 ingeniosi
1175 1547 1349 1615 inventum
1374 1552 1444 1615 erat
1458 1551 1560 1637 alque
1580 1546 1778 1634 expolitum,
1792 1566 1811 1613 a
1825 1544 2042 1613 scholasticis

217 1666 391 1751 arreptum
414 1659 447 1725 in
471 1656 566 1724 aulas
590 1654 857 1723 declamatorum
879 1655 1098 1721 conlluxerat
1145 1653 1226 1721 lnde
1255 1657 1429 1741 vulgatum
1459 1654 1526 1720 iam
1559 1657 1660 1743 atque
1692 1653 1869 1741 pertritum
1894 1652 2042 1719 ellusum

218 1776 270 1839 est
293 1770 327 1835 in
352 1767 489 1834 nostrae
512 1762 632 1830 aetatis
654 1762 789 1829 litteras.
836 1760 914 1845 Quo
939 1762 1063 1827 lactum
1090 1766 1150 1844 est,
1173 1765 1217 1844 ut
1240 1761 1269 1828 si
1294 1760 1489 1828 Morowskii
1516 1759 1611 1827 verbi
1635 1759 1682 1826 uli
1698 1760 1776 1827 licet
1794 1759 1879 1845 (Eos
1904 1759 1929 1825 ll
1954 1779 1985 1846 p.
2008 1759 2043 1840 2)

220 1873 367 1959 ,diversi
391 1874 548 1938 auctores
569 1868 666 1958 quasi
692 1889 734 1935 ex
757 1868 990 1957 promptuario
1023 1870 1186 1937 omnibus
1217 1869 1343 1957 patenti
1375 1868 1612 1956 excercpsisse
1642 1867 1819 1933 videantur
1841 1917 1849 1932 .
1873 1918 1880 1933 .
1902 1918 1910 1933 .
1934 1864 2042 1933 semel

221 1978 424 2049 iusolentius
446 1977 525 2044 licta
548 1978 581 2043 et
603 1977 734 2063 prolata
756 1975 1004 2063 posterioribus
1038 1977 1082 2044 ita
1108 1978 1315 2065 placuerunt,
1347 1978 1382 2041 ut
1406 1994 1570 2042 nauseam
1595 1976 1665 2041 lere
1690 1977 1849 2041 moveant
1870 1971 2041 2062 trequenti

220 2086 397 2155 iteratione
420 2136 428 2151 .
450 2135 458 2149 .
480 2134 488 2149 .
512 2082 698 2149 sententias
723 2082 826 2165 enim,
849 2102 938 2171 quae
961 2083 1086 2150 blande
1110 2103 1236 2151 sensus
1259 2082 1406 2150 novitate
1424 2102 1503 2149 sese
1520 2081 1646 2147 animis
1662 2082 1826 2147 lectorum
1851 2080 1923 2146 sive
1947 2078 2044 2145 audi·

220 2198 332 2260 torum
357 2190 578 2273 insinuarent,
601 2189 739 2277 saepius
763 2189 806 2256 ad
830 2190 898 2256 hoc
921 2191 1096 2278 exemplar
1119 2191 1352 2257 formaverunt
1374 2192 1559 2256 auctores“.

381 2315 478 2399 Quae
523 2335 602 2381 cum
649 2313 694 2380 ita
739 2313 816 2395 sint,
867 2333 992 2401 operae
1026 2315 1172 2401 pretium
1225 2334 1302 2381 esse
1357 2313 1489 2380 videtur
1544 2313 1644 2379 huius
1705 2312 1842 2399 generis
1901 2309 2044 2396 vestigia

219 2426 272 2492 vel
295 2424 395 2509 signa
418 2420 642 2489 scholasticae
667 2418 882 2507 eloquentiae
907 2419 944 2485 in.
964 2420 1096 2508 priores
1115 2421 1287 2489 latinitatis
1303 2425 1484 2507 argenteae
1513 2420 1699 2508 scriptores
1718 2419 1842 2487 dillusa
1862 2418 2043 2507 exquirere

221 2534 255 2599 et
278 2530 311 2596 in
336 2549 441 2595 unum
466 2527 630 2612 congesta
654 2525 806 2613 prolerre
829 2529 931 2614 atque
954 2527 1019 2608 „ita
1042 2527 1192 2594 ollicinis
1217 2527 1386 2593 litterariis
1408 2527 1521 2593 lucem
1548 2526 1740 2609 immittere,
1759 2547 1827 2615 quo
1852 2525 1989 2612 ingenia
2013 2529 2045 2590 et

221 2634 394 2705 scribendi
417 2634 502 2702 ratio
526 2633 741 2718 singulorum
765 2637 943 2700 auctorum
967 2633 1078 2720 magis
1102 2631 1378 2718 notescerent“.²)

383 2757 452 2825 Sed
476 2777 621 2825 necesse
645 2756 740 2845 prius
762 2756 862 2824 nobis
879 2761 930 2824 est
947 2777 1069 2825 vocem
1083 2757 1321 2841 „imilationis“
1340 2777 1442 2846 quam
1459 2757 1596 2846 saepius
1613 2756 1843 2840 adhibuimus,
1862 2757 1943 2849 quid
1977 2756 2042 2824 sibi

222 2866 310 2947 velit,
334 2856 527 2931 distinctius
552 2865 743 2952 explanare.
791 2863 840 2930 Ex
871 2841 947 2953 ipso
979 2886 1060 2932 vero
1091 2866 1245 2933 imitandi
1275 2865 1397 2947 studio,
1430 2866 1523 2955 quod
1554 2865 1661 2931 luisse
1693 2866 1783 2954 apud
1816 2866 2043 2933 scholasticos

223 2974 323 3060 atque
348 2971 427 3037 inde
451 2970 591 3038 lluxisse
615 2970 658 3038 ad
683 2972 847 3059 aequales
868 2972 1150 3038 scholasticorum
1177 2972 1361 3060 scriptores
1393 2976 1469 3039 ante
1503 2972 1739 3060 exposuimus,
1770 2971 1802 3037 id
1835 2972 1902 3038 iam
1927 2973 2045 3047 elucet,

224 3077 449 3144 imitationem
475 3077 684 3166 scriptorum
716 3077 799 3143 nihil
822 3079 935 3145 valere
959 3078 1000 3145 ad
1026 3078 1227 3145 statuendos
1252 3078 1468 3165 scriptorum,
1492 3078 1617 3167 quibus
1643 3078 1695 3145 usi
1720 3079 1796 3159 sint,
1820 3079 1940 3146 tontes.
1970 3078 2045 3145 Alia

224 3184 317 3251 enim
350 3182 577 3249 existimanda
608 3186 658 3249 est
687 3183 850 3250 dictionis
881 3185 1104 3253 scholasticae
1137 3185 1245 3252 inscia
1278 3185 1447 3274 quaedam
1479 3184 1629 3267 sectatio,
1661 3186 1725 3252 alia
1756 3185 1872 3273 scripti
1903 3184 2045 3252 alicuius

223 3290 328 3356 tontis
351 3289 492 3357 conscia
515 3288 684 3376 expilatio.
732 3289 833 3356 Erant
855 3311 938 3358 sane
977 3292 1033 3379 qui
1059 3294 1268 3359 sectarentur
1292 3291 1368 3358 data
1393 3311 1497 3379 opera
1531 3312 1637 3358 unum
1659 3292 1844 3359 alterumve
1874 3292 2044 3358 rhetorem

224 3395 478 3479 scholasticum,
503 3395 743 3462 scholasticam
767 3416 848 3463 vero
873 3419 944 3464 rem
969 3418 1093 3465 omnes
1117 3399 1204 3464 ultro
1222 3402 1322 3486 atque
1340 3398 1440 3465 etiam
1466 3397 1557 3463 inviti
1581 3399 1805 3464 sectabantur.
1863 3398 2046 3464 Nonnullis

224 3503 412 3583 sententiis,
436 3502 611 3569 nonnullis
636 3502 731 3586 tocie,
757 3505 929 3571 nonnullis
959 3506 1080 3591 liguris
1114 3504 1226 3593 quivis
1261 3506 1424 3571 utebatur.
1471 3505 1506 3570 ln
1539 3505 1694 3570 omnium
1729 3504 1821 3571 enim
1852 3525 1912 3571 ore
1943 3507 2046 3571 erant

225 3609 346 3698 Neque
371 3609 473 3695 igitur
496 3609 678 3698 quisquam
703 3609 779 3676 lurti
804 3611 900 3697 argui
924 3615 1064 3700 poterat,
1094 3612 1150 3700 qui
1183 3611 1262 3678 talia
1292 3632 1354 3699 pro
1386 3611 1459 3677 suis
1491 3612 1683 3698 usurpabat.
1731 3612 1831 3692 ,Nan
1862 3613 1951 3678 kann
1985 3633 2047 3678 un·

227 3716 379 3801 mdglich
404 3716 655 3802 Nachahmung
679 3737 825 3799 nennen,
848 3710 918 3785 was
941 3719 1018 3786 eine
1042 3739 1103 3786 aus
1127 3718 1323 3803 Erziehung
1346 3717 1414 3783 und
1440 3716 1601 3805 Umgang
1624 3739 1838 3805 gewonnene
1863 3719 1960 3785 Form
1986 3719 2047 3785 der

227 3820 449 3909 Darstellung
472 3822 544 3890 ist.“
557 3822 582 3906 1)
631 3823 760 3891 Eodem
786 3829 923 3913 spectat,
945 3826 1038 3915 quod
1064 3826 1164 3893 Riese
1190 3825 1233 3891 de
1259 3824 1382 3891 Ovidio
1407 3827 1535 3911 prolerl
1558 3825 1670 3911 (Burs.
1691 3825 1801 3911 Jahrb.
1831 3827 1945 3908 retal:
1977 3824 2047 3893 Gar

226 3928 392 3993 manches
416 3929 594 3995 ovidische
618 3929 711 3996 Wort
733 3951 801 3997 war
826 3931 1007 3998 sicherlich
1032 3932 1066 3998 in
1089 3933 1170 3999 dem
1198 3931 1310 3999 Grade
1336 3932 1370 3997 in
1394 3932 1450 3998 die
1476 3929 1628 4019 Sprache
1660 3933 1728 3998 und
1757 3932 1960 3999 Denkweise
1985 3933 2047 3998 des

227 4032 454 4100 kalserlichen
480 4033 586 4102 Roms
610 4037 887 4123 iibergegangen,
911 4037 977 4104 dab
1001 4040 1166 4105 manches
1190 4040 1311 4105 besser
1334 4058 1396 4104 aus
1421 4038 1543 4119 dieser,
1575 4039 1667 4104 nicht
1697 4039 1779 4105 aber
1809 4059 1870 4105 aus
1901 4038 2047 4104 direlrter

226 4139 425 4206 ovidischer
450 4139 689 4209 Reminiscenz
714 4143 788 4210 sich
812 4146 943 4211 erkldrt

389 4244 484 4330 Quae
518 4267 596 4314 curn
632 4249 676 4316 ita
709 4250 786 4333 sint,
818 4251 904 4318 inter
937 4252 1091 4319 rhetores
1123 4250 1389 4340 aequaliumque
1425 4250 1560 4318 libellos
1591 4255 1627 4317 ut
1652 4251 1911 4318 similitudinem
1943 4270 2046 4338 saepe

227 4373 364 4441 appare,
385 4373 454 4419 non
479 4353 523 4419 ita
547 4354 772 4423 imitationem
798 4358 936 4446 petitam
960 4362 1062 4448 atque
1087 4359 1246 4425 consulto
1270 4358 1458 4425 adhibitam
1474 4358 1615 4445 coargui
1633 4378 1738 4447 posse
1754 4357 2047 4445 praemonendam

228 4480 306 4526 esse
329 4462 406 4526 ante
431 4460 546 4527 omnia
571 4464 662 4549 puto.

388 4619 410 4689 1)
428 4619 509 4674 velut
537 4619 645 4675 Bauer:
682 4620 747 4677 Act.
775 4638 850 4678 sem.
877 4623 993 4695 Erlang.
1021 4624 1055 4679 lll
1075 4641 1104 4696 p.
1125 4627 1176 4680 103
1205 4625 1399 4680 Wiedemann
1428 4625 1502 4682 Phil.
1520 4628 1551 4681 31
1580 4641 1608 4697 p.
1635 4627 1689 4681 393
1719 4624 1849 4696 denique
1879 4624 2048 4696 quicunque

231 4687 415 4759 scripserunt
434 4690 471 4745 de
493 4690 656 4775 ,scriptore
678 4692 812 4764 quolibet
827 4694 987 4751 cuiuslibet
1007 4695 1184 4751 imitatore“.

387 4763 400 4799 ⁹
430 4761 603 4818 Morawskrt
628 4763 688 4819 Eos
708 4764 731 4819 ll
751 4781 780 4836 p.
799 4768 825 4820 7.

388 4833 400 4869 ⁸
431 4833 563 4959 Drager:
583 4833 664 4906 Synt.
683 4852 711 4891 u.
731 4834 784 4892 Stil
805 4839 833 4893 d.
851 4836 970 4893 Tacitus
990 4855 1019 4910 p.
1041 4840 1091 4893 114
1109 4837 1146 4894 ci.
1166 4838 1276 4897 Klebs:
1296 4838 1402 4894 Philol.
1420 4841 1455 4893 49
1496 4841 1583 4894 ,303
1602 4838 1758 4910 Zingerle:
1787 4837 2049 4893 Zulat.Dichtern

229 4897 288 4984 lp.
306 4901 333 4954 2.
351 4902 395 4956 45.
417 4905 494 4987 11101
526 4907 606 4991 2224
633 4910 685 4962 not
707 4909 728 4962 1.
747 4910 791 4963 32.
826 4909 1008 4992 llartmann:
1036 4909 1230 4981 Mynmosyne
1249 4911 1285 4965 32
1315 4926 1345 4993 p.
1372 4912 1434 4980 406,
1507 4909 1618 4965 tillllin:
1647 4909 1735 4966 Arch.
1763 4908 1782 4964 1.
1810 4910 1828 4964 l.
1848 4909 1878 4965 L.
1899 4912 1931 4965 12
1950 4925 1978 4981 p.
1999 4911 2050 4964 113

229 4968 397 5029 Krobnert:
416 4974 466 5031 dre
483 4974 621 5049 Antange
641 4980 695 5034 der
713 4978 855 5039 Rhetonlr
874 4981 922 5036 bei
942 4981 970 5036 d.
989 4981 1117 5039 Riimem
1136 4982 1241 5051 (1877),
1261 4979 1356 5036 Smrth
1376 4982 1394 5036 l.
1414 4983 1432 5038 l.
1451 4998 1480 5054 p.
1498 4984 1535 5036 33
1554 4986 1610 5037 etc.
1641 5016 1644 5023 ·
