4675 5575
394 501 576 570 Fabianus:
601 500 681 570 Sen.
701 522 729 569 c.
753 505 783 569 2.
806 505 836 569 5.
860 505 895 569 7;
920 506 956 570 ut
978 502 1106 570 saeculi
1128 523 1208 571 mos
1231 506 1292 584 est,
1315 502 1349 569 in
1373 503 1522 571 deterius
1547 504 1626 570 luxu
1650 503 1786 571 tluente

393 608 462 675 Val.
483 608 572 676 Max.
595 611 625 675 9.
652 612 677 675 l.
701 611 721 675 3
744 660 751 676 .
774 660 782 675 .
806 608 840 675 in
865 609 942 697 ipso
966 609 1103 676 introitu
1127 598 1236 677 ruenti
1263 609 1416 679 luxuriae
1439 610 1661 678 obstitissent

298 739 302 748 ’
394 715 478 782 flor.
501 716 531 781 4.
559 717 606 782 12.
627 715 687 781 65:
709 715 821 783 fluens
846 715 880 782 in
904 717 1021 782 luxum
1046 717 1234 784 saeculum.

394 818 529 905 Quinct.
551 820 617 888 dcl.
640 823 670 903 3,
699 824 727 886 l:
753 821 788 888 in
812 823 878 889 hoc
903 822 1032 890 ruentis
1056 822 1091 890 in
1115 823 1285 892 deteriora
1309 822 1436 890 saeculi
1460 843 1573 890 cursu.

394 929 473 997 Tac.
497 927 572 997 hist
596 931 625 995 4.
648 930 707 995 36;
732 928 831 997 citusi
856 929 890 995 in
914 930 1032 996 luxum
1057 933 1090 997 et
1113 937 1233 1018 epulas
1257 932 1291 997 et
1314 933 1501 997 nocturnos
1524 933 1655 997 coetus.

393 1035 514 1103 Vibius
538 1034 674 1103 Gallus:
698 1032 778 1102 Sen.
801 1039 861 1103 ctr.
884 1037 913 1103 7.
929 1039 1010 1103 5.3;
1034 1057 1055 1104 o
1080 1055 1241 1123 magnam
1267 1037 1300 1103 in
1324 1036 1533 1104 contrarium
1557 1036 1687 1105 saeculi
1711 1037 1817 1105 nostri
1842 1037 2098 1126 perversitatem

395 1141 468 1211 Silo
501 1141 702 1226 Pompeius:
748 1140 827 1210 Sen.
847 1163 875 1210 c
904 1148 928 1209 1.
952 1146 981 1209 2.
1004 1145 1065 1209 20:
1090 1146 1204 1231 potest
1225 1142 1373 1232 aliquam
1394 1163 1613 1232 corrumpere
1636 1144 1786 1233 prolapsi
1811 1144 1845 1211 in
1869 1144 1949 1213 vitia
1972 1147 2108 1214 saeculi·

502 1268 604 1338 prava
628 1248 853 1316 consuetudo.

391 1356 501 1443 Julius
525 1353 670 1423 Bassus:
694 1352 774 1423 Sen.
798 1376 826 1422 c.
849 1359 879 1423 9.
903 1359 932 1422 4.
955 1358 992 1423 6;
1016 1376 1125 1441 usque
1149 1376 1192 1423 co
1215 1358 1391 1424 saeculum
1416 1359 1579 1424 mutatum
1604 1361 1664 1425 est

396 1463 509 1530 Latro:
543 1459 620 1529 Sen.
644 1481 672 1528 c.
695 1464 725 1528 2.
749 1463 778 1528 7.
802 1465 834 1528 l:
866 1482 908 1530 eo
933 1462 1084 1551 prolapsi
1109 1462 1177 1529 iam
1209 1482 1325 1530 mores
1355 1462 1499 1530 civitatis
1532 1466 1619 1545 sunt,
1647 1467 1682 1531 ut
1710 1484 1812 1532 nemo
1835 1464 1879 1532 ad
1902 1465 2109 1550 suspicanda

502 1568 668 1636 adulteria
691 1568 835 1635 nimium
860 1568 1021 1636 credulus
1045 1568 1155 1654 possit
1177 1568 1294 1636 videri.

396 1677 511 1744 Latro:
536 1672 615 1742 Sen.
640 1696 668 1742 c.
689 1678 719 1741 2.
744 1677 774 1742 7.
796 1677 831 1742 8:
855 1675 989 1743 adeone
1014 1675 1082 1743 iam
1106 1674 1149 1743 ad
1169 1696 1311 1744 omnem
1336 1676 1531 1765 patientiam
1555 1677 1731 1745 saeculum
1756 1698 1821 1745 nos
1840 1678 1942 1747 dabit

396 1801 542 1868 Arellius
571 1800 717 1868 Fuscus:
753 1798 832 1869 Sen.
862 1821 890 1868 c.
926 1804 949 1867 1.
982 1803 1011 1868 7.
1039 1801 1075 1867 5;
1113 1801 1181 1868 hoc
1209 1819 1351 1884 prorsus
1381 1800 1570 1868 tabularum
1603 1802 1732 1884 repleto
1766 1802 1956 1870 sceleribus
1981 1803 2109 1870 nostris

503 1908 642 1976 sacculo
665 1907 812 1976 deerat.
835 1959 843 1975 .
1489 1931 1494 1939 ·

396 2015 536 2084 Octavia
559 2017 618 2081 431
637 2035 644 2080 :
668 2014 807 2082 saeculo
831 2014 1022 2103 premimus
1044 2014 1149 2110 gravi,
1172 2032 1242 2101 quo
1266 2012 1396 2080 scelera
1420 2015 1572 2098 regnant

396 2123 474 2190 Tac.
499 2120 615 2189 Germ.
644 2123 698 2187 19:
721 2141 823 2188 nemo
848 2121 917 2188 illic
941 2120 1021 2188 vitia
1044 2120 1132 2188 ridet
1155 2138 1220 2186 nec
1242 2139 1379 2186 corrum
1405 2138 1486 2207 pere
1510 2122 1543 2188 et
1566 2120 1740 2207 corrumpi
1767 2123 1942 2188 saeculum
1961 2126 2111 2206 vocatur,

454 2245 543 2312 Huic
564 2245 704 2313 saeculo
729 2244 876 2312 obicitur
898 2223 1074 2313 saeculum
1099 2243 1195 2332 prius
1218 2244 1271 2312 vel
1296 2244 1450 2331 ,prisca“
1474 2247 1584 2311 aetas:
1624 2245 1691 2311 hoc
1715 2244 1905 2312 sceleribus
1929 2247 2109 2341 repletum,

288 2353 470 2439 pristinum
494 2354 630 2434 tempus
654 2350 809 2418 omnium
832 2351 991 2418 vitiorum
1018 2350 1173 2418 immune
1196 2350 1406 2432 describitur,
1429 2349 1464 2416 in
1488 2350 1555 2417 hoc
1580 2370 1683 2418 nemo
1707 2371 1776 2417 non
1800 2352 2021 2420 vehementer
2055 2353 2106 2419 in-

289 2460 430 2541 vehitur,
461 2457 543 2524 illud
575 2456 764 2543 praedicat;
802 2461 1019 2546 praesentem
1050 2458 1171 2525 luxum
1205 2476 1388 2545 moresque
1419 2456 1564 2524 devovet
1595 2461 1696 2546 atque
1720 2457 1926 2542 obsecratur,
1955 2458 2108 2527 laudator

289 2571 343 2636 est
364 2564 532 2650 temporis
554 2564 628 2646 acti,
651 2564 867 2652 paupertatis,
886 2564 1081 2652 pudicitiae,
1104 2564 1341 2654 simplicitatis.

397 2673 467 2740 Val.
491 2675 520 2738 4.
543 2674 573 2738 4.
596 2671 656 2737 tin:
682 2690 909 2757 exsurgamus
933 2722 941 2737 .
961 2713 971 2736 -.
1003 2672 1129 2740 animis
1150 2671 1384 2760 pecuniaeque
1407 2670 1572 2754 adspectu
1596 2671 1791 2741 debilitatos
1814 2672 1953 2761 spiritus
1976 2672 2108 2760 pristini

504 2777 670 2866 temporis
694 2777 861 2846 memoria
884 2798 1088 2861 recreemus,
1120 2798 1202 2845 nom
1236 2799 1298 2868 per
1329 2777 1463 2846 Romuli
1496 2799 1611 2847 casam
1643 2800 1773 2869 perque
1800 2779 1925 2849 veteris
1948 2777 2109 2868 Capitolii

505 2884 645 2953 humilia
669 2889 816 2954 tecta..
839 2885 914 2952 iuro
939 2887 1049 2953 nullas
1071 2884 1207 2953 divitias
1229 2885 1344 2954 talium
1368 2885 1518 2953 virorum
1542 2887 1730 2975 paupertati
1753 2907 1858 2970 posse
1882 2887 2036 2975 paeterri.

395 2992 505 3080 Julius
537 2990 683 3060 Bassus:
729 2990 808 3060 Sen.
838 3012 866 3059 c.
894 2996 920 3059 1.
944 2994 974 3059 6.
997 2995 1034 3057 4:
1074 2991 1155 3059 nudi
1181 2995 1304 3060 stetere
1327 2993 1435 3060 colles
1459 2992 1613 3081 interque
1637 2997 1706 3060 tam
1730 2994 1841 3061 eflusa
1864 2993 2003 3061 moenia
2026 2993 2108 3060 nihil

509 3102 561 3165 est
596 3099 716 3165 humili
745 3118 824 3165 casa
847 3099 1013 3166 nobilius:
1038 3099 1204 3185 lastigatis
1243 3118 1346 3182 supra
1383 3098 1480 3165 tectis
1516 3118 1601 3166 auro
1640 3119 1725 3181 puro
1762 3100 1898 3186 lulgens
1938 3099 2111 3187 praelucet

506 3202 725 3294 Capitolium.

400 3311 533 3379 Petron.
556 3314 615 3379 sat
638 3314 697 3378 88:
721 3311 847 3396 priscis
869 3311 1092 3400 temporibus,
1127 3332 1206 3379 cum
1237 3312 1350 3379 adhuc
1381 3311 1472 3379 nuda
1499 3311 1606 3379 virtus
1637 3312 1794 3397 placeret
1824 3311 1985 3398 vigebant
2019 3314 2109 3377 artes

508 3419 738 3505 ingenuae..
767 3423 801 3486 at
830 3438 895 3485 nos
926 3418 1005 3485 vino
1044 3418 1236 3507 scortisque
1265 3418 1414 3486 demersi
1439 3439 1482 3485 ne
1506 3423 1639 3502 paratas
1663 3418 1802 3509 quidem
1826 3421 1915 3485 artes
1938 3415 2107 3483 audemus

507 3544 731 3612 cognoscere.

400 3633 460 3702 Ov.
484 3652 539 3700 ars
562 3651 627 3699 am.
657 3634 680 3697 1.
704 3633 783 3697 241;
807 3649 891 3698 aevo
918 3630 1092 3698 rarissima
1116 3635 1234 3698 nostro
1258 3630 1468 3719 simplicitas

399 3741 469 3807 Val.
492 3738 578 3806 Max.
602 3740 632 3804 8.
656 3740 686 3804 2.
711 3740 747 3804 4:
770 3736 852 3822 quid
877 3736 968 3805 aliud
988 3738 1055 3804 hoc
1079 3737 1145 3806 loci
1169 3757 1273 3826 quarn
1297 3736 1539 3805 verecundiam
1564 3737 1655 3803 illius
1678 3735 1806 3802 saeculi
1832 3733 2019 3801 laudemus.

401 3846 468 3913 ibd.
490 3849 520 3913 4.
543 3848 572 3912 3.
597 3847 632 3912 7:
656 3844 685 3911 si
709 3845 912 3932 trugulitatis
937 3844 1012 3912 eius
1036 3845 1235 3926 exemplum
1259 3844 1429 3927 posterior
1461 3847 1555 3911 aetas
1576 3841 1674 3931 sequi
1696 3841 1871 3908 voluisset

401 3952 468 4021 ibd.
493 3954 522 4018 9.
551 3955 576 4019 1.
605 3953 641 4018 6;
688 3951 811 4020 eodem
848 3954 1005 4040 tempore
1044 3951 1179 4019 diversa
1223 3951 1361 4018 saecula
1399 3950 1600 4031 habitarunt,
1636 3946 1906 4034 frugalissimum
1951 3947 2112 4029 alterum,

507 4059 649 4127 alterum
679 4058 939 4148 nequissimum.

402 4166 468 4233 ibd.
492 4169 529 4233 9.·
552 4169 577 4233 l.
602 4168 636 4232 5:
676 4164 719 4232 de
755 4165 894 4233 Metello
934 4164 1010 4231 Pio:
1049 4163 1146 4231 cuius
1184 4161 1417 4230 adulescentia
1453 4160 1628 4249 priscos
1667 4180 1783 4228 mores
1820 4161 1912 4243 vidit
1949 4162 2112 4227 senectus

508 4291 616 4340 novas
640 4291 720 4340 orsa
742 4276 802 4340 est

400 4379 467 4447 ibd.
491 4382 520 4446 9.
548 4383 573 4444 1.
600 4382 632 4445 1;
656 4429 664 4445 .
687 4430 695 4445 .
718 4380 785 4446 hoc
808 4378 981 4467 priscae
1005 4375 1236 4443 continentiae
1261 4374 1416 4461 ignotum
1440 4372 1763 4442 deverticulum.

401 4486 468 4554 ibd.
491 4489 521 4553 8.
548 4489 574 4553 1.
597 4488 633 4553 8:
657 4538 665 4554 .
688 4538 696 4554 .
719 4485 896 4567 innocens,
919 4483 984 4551 nisi
1008 4487 1076 4552 tam
1101 4482 1217 4571 prisco
1241 4482 1380 4550 saeculo
1405 4484 1503 4548 natus
1527 4483 1627 4547 esset

400 4594 482 4661 Vell.
505 4596 535 4661 2.
563 4595 633 4661 127.
657 4596 693 4660 4:
716 4593 826 4660 virum
851 4590 1026 4658 hilaritatis
1050 4590 1236 4679 priscae.

401 4701 441 4768 ci.
463 4701 613 4790 denique
637 4704 746 4768 totum
770 4698 860 4786 apud
884 4696 1056 4764 Valerium
1081 4701 1183 4784 caput
1207 4696 1271 4778 ,de
1295 4695 1426 4764 luxuria
1450 4699 1483 4764 et
1505 4695 1667 4763 libidine“
1694 4694 1906 4782 inscriptum.

403 4808 480 4875 lluc
503 4807 604 4876 reter:
634 4805 733 4892 Verg.
759 4804 839 4871 hen.
862 4806 892 4870 8.
916 4805 989 4870 360.
1029 4802 1179 4891 Propert.
1204 4803 1252 4870 lV.
1281 4808 1306 4870 1.
1330 4806 1359 4870 3.
1384 4806 1414 4871 6.
1437 4806 1467 4885 4,
1494 4806 1541 4871 10.
1565 4804 1623 4885 25;
1647 4805 1676 4868 4.
1701 4803 1731 4867 3.
1755 4801 1785 4866 6.
1830 4799 2035 4867 Tiburnae.
2060 4801 2114 4866 26.
