4675 5575
1091 387 1133 453 25

314 605 407 676 Curt
431 609 461 688 7,
487 610 534 688 11,
556 609 578 673 4
601 604 727 694 cupido
759 602 886 674 deinde
910 599 1051 669 incessit
1073 600 1191 669 animo
1215 602 1369 667 naturam
1393 618 1532 688 quoque
1555 596 1729 685 latigandi.

323 710 403 782 Sen.
426 712 507 802 phil.
529 732 582 801 ep.
604 715 658 794 94,
680 714 723 778 02
747 710 812 800 ipsi
839 711 978 777 naturae
1000 707 1070 774 vim
1094 709 1198 796 parat

365 818 478 904 Quem
502 839 643 890 sensum
666 821 844 907 tantopere
865 819 1025 884 vexatum
1045 812 1137 882 hand
1161 813 1237 882 scio
1259 832 1304 880 an
1328 811 1523 880 effinxerint
1545 807 1741 878 scholastici
1771 808 1815 876 ad
1846 806 2021 896 exemplar

206 926 357 996 Sallustii
382 925 470 1014 (Cat
486 928 538 1008 75,
557 927 587 1011 1)
611 928 765 995 naturam
793 924 905 1013 ipsam
931 922 1054 992 ceteris
1077 920 1328 1009 imperitantem
1349 919 1476 987 vicerat
1498 919 1539 987 31.
1555 918 1606 1001 75,
1620 919 1655 999 2;
1677 918 1730 997 20,
1748 917 1778 981 2.
1800 913 1927 1001 Hegea
1938 916 1968 996 3,
1984 916 2033 980 10.

367 1031 417 1100 Ex
440 1032 620 1103 rhetoricis
642 1032 791 1117 denique
812 1029 1046 1099 laudationum
1070 1027 1216 1096 hortulis
1248 1046 1352 1094 nemo
1385 1026 1452 1094 iam
1478 1024 1616 1112 negabit
1638 1022 1840 1113 provenisse
1855 1021 2032 1090 llosculos.

206 1139 492 1208 scholasticorum
516 1159 612 1207 more
636 1138 719 1207 satis
743 1139 972 1224 exaggeratos
995 1135 1106 1203 velut:

421 1245 515 1336 quod
538 1245 667 1313 rebus
690 1243 898 1313 humanis
923 1242 1144 1312 terminum
1167 1241 1277 1308 voluit
1297 1260 1378 1318 esse
1401 1243 1518 1308 natura
1542 1237 1636 1307 Curt.
1661 1240 1690 1305 9.
1714 1239 1744 1305 3.
1773 1240 1820 1303 13.

389 1338 393 1347 ’
420 1353 454 1419 11
478 1351 636 1419 ultimum
658 1371 768 1440 paene
790 1352 1075 1420 humanarum
1099 1367 1239 1416 rerum
1264 1345 1425 1437 persequi
1447 1344 1677 1414 terminnm
1702 1340 1755 1411 Ct
1779 1346 1810 1411 9.
1834 1345 1864 1410 2.
1888 1345 1919 1410 9.

420 1459 698 1527 humanarum
726 1477 880 1526 rerum
905 1455 1132 1526 terminos
1155 1473 1194 1522 se
1217 1453 1334 1521 videre
1357 1452 1555 1521 credentem
1579 1447 1671 1518 Curt
1694 1452 1724 1516 0.
1748 1452 1778 1517 5.
1806 1452 1853 1517 13.

420 1567 626 1633 humanae
650 1564 777 1633 sortis
808 1564 936 1632 oblitus
960 1561 1053 1631 Curt.
1077 1563 1107 1627 4.
1130 1562 1160 1628 7.
1183 1561 1236 1627 25.

419 1690 542 1756 supra
564 1673 770 1761 humanae
797 1670 928 1739 sortis
951 1668 1104 1737 habitum
1129 1664 1208 1734 Sen.
1231 1685 1321 1734 suas.
1344 1669 1374 1733 4.
1403 1668 1428 1731 1.

420 1798 542 1867 supra
563 1778 782 1846 humanam
813 1777 919 1845 lidem
945 1793 1121 1856 evectus
1143 1823 1152 1840 .
1174 1824 1182 1841 .
1203 1773 1286 1841 Vell.
1309 1775 1339 1839 2.
1367 1775 1436 1839 130.

419 1904 542 1973 supra
566 1884 785 1953 humanam
811 1886 997 1951 naturam
1029 1879 1547 1950 31331113..11311.2.41.2.

420 1995 563 2059 natura
586 2011 649 2060 sua
672 1991 703 2059 31
726 1989 971 2059 excedendum
994 1991 1082 2057 loret
1126 1987 1209 2055 Vell.
1232 1989 1262 2053 2.
1285 1987 1337 2054 58.
1359 1986 1389 2052 5.

419 2099 644 2165 humanum
668 2097 845 2184 fastigium
873 2096 1086 2165 exceditis
1116 2092 1210 2161 Curt
1232 2096 1262 2160 9.
1292 2096 1316 2160 1.
1339 2094 1392 2159 28.

420 2205 639 2272 humanum
676 2204 837 2272 columen
862 2222 1062 2291 egressus
1116 2201 1237 2269 Lucan.
1263 2203 1292 2267 7.
1316 2202 1391 2268 594.

419 2312 449 2379 31
472 2311 660 2377 humanum
683 2330 795 2397 genus
820 2328 924 2377 omne
949 2307 1257 2396 superaveris
1285 2305 1377 2374 Curt.
1401 2307 1430 2373 7.
1453 2308 1483 2372 8.
1507 2308 1554 2373 13.

314 2418 460 2486 deinde:

419 2526 565 2613 quantas
587 2527 649 2608 (33
670 2522 824 2609 virtutes)
852 2521 1053 2590 condicio
1079 2521 1275 2588 mortalis
1299 2519 1463 2603 recipit
1507 2519 1694 2587 1131122.

420 2649 532 2720 neque
555 2629 667 2697 simile
691 2628 885 2696 condicio
912 2628 1108 2704 mortalis
1132 2627 1338 2716 recipere
1360 2626 1494 2694 videtur
1538 2678 1555 2709 „
1617 2629 1642 2693 1.
1669 2628 1739 2692 104.

417 2735 587 2819 virtutum,
610 2739 694 2826 quot
716 2739 748 2804 et
772 2737 898 2826 quanta
922 2737 1066 2803 natura
1090 2733 1285 2803 mortalis
1309 2732 1467 2822 recipit
1517 2783 1535 2817 „
1589 2735 1609 2800 2
1642 2734 1695 2801 97.
1718 2735 1749 2799 2.

419 2848 582 2928 quantum
607 2843 664 2910 vix
685 2846 860 2931 poterat
881 2846 975 2910 aetas
999 2842 1075 2910 eius
1098 2861 1254 2925 capere
1300 2838 1393 2908 Curt.
1422 2843 1469 2906 10.
1493 2841 1523 2906 5.
1546 2842 1598 2906 31.

419 2949 585 3040 quidquid
611 2949 852 3018 mortalitas
875 2969 1022 3038 capere
1045 2951 1205 3037 poterat
1341 2998 1356 3028 ,‚
1444 2947 1474 3011 9.
1498 2947 1528 3012 3.
1574 2948 1603 3012 7.
1665 2961 1720 2982 ·v

420 3056 586 3146 quidquid
618 3057 859 3125 mortalitas
883 3056 1070 3145 capiebat
1339 3104 1354 3134 „
1423 3055 1470 3119 10.
1495 3053 1523 3119 5.
1546 3054 1598 3119 30.

611 3163 851 3231 mortalitas
879 3163 936 3229 vix
957 3162 1071 3251 capit
1342 3209 1358 3239 „
1427 3161 1475 3225 10.
1497 3160 1527 3224 5.
1551 3160 1603 3224 31.

419 3287 522 3356 supra
554 3269 743 3336 mortalis
774 3268 880 3336 animi
913 3268 1039 3336 modu
1060 3288 1094 3334 11
1125 3266 1263 3333 inllatos
1308 3263 1604 3333 8313113315.

420 3375 477 3463 qui
502 3374 673 3442 modum
697 3375 889 3442 hominis
911 3375 1094 3444 excederet
1140 3371 1232 3441 Curt
1255 3375 1285 3439 5.
1309 3374 1338 3439 9.
1367 3374 1414 3439 18.

419 3481 453 3549 11
478 3481 513 3548 111
545 3485 692 3564 evectus,
727 3501 832 3565 super
856 3482 950 3566 quod
974 3481 1117 3550 ascendi
1138 3501 1207 3547 non
1233 3483 1346 3569 potest
1390 3479 1472 3547 Vell.
1495 3480 1525 3544 2.
1548 3480 1600 3544 53.

365 3799 395 3865 Α
418 3800 576 3888 personis
599 3803 813 3868 transeamus
843 3800 886 3868 ad
911 3820 1023 3869 meras
1039 3798 1234 3883 sententias,
1256 3817 1345 3887 quae
1369 3800 1405 3863 ut
1427 3796 1573 3865 eandem
1598 3795 1777 3882 originem,
1795 3795 1839 3863 ita
1864 3799 2022 3863 etrerum

206 3909 239 3974 et
256 3906 441 3972 verborum
469 3906 731 3975 communitates
757 3907 961 3975 ostendunt.r

812 4084 888 4162 H.
938 4084 1067 4162 Looi
1105 4105 1420 4160 communes,

366 4240 624 4310 Declamatores
649 4263 719 4332 quo
743 4243 876 4312 lacilius
909 4263 1031 4312 causas
1059 4262 1140 4310 suas
1169 4239 1384 4308 auditoribus
1414 4238 1632 4321 insinuarent
1655 4237 1812 4324 redigere
1834 4236 2018 4304 studebant

204 4347 358 4435 singulas
385 4348 419 4416 in
443 4348 589 4415 turmam
615 4349 919 4417 sententiarum'in
944 4348 1141 4416 universum
1169 4345 1431 4437 quodammodo
1462 4345 1698 4434 spectantium,
1728 4363 1814 4434 quas
1843 4363 2022 4432 nuncupa-

203 4455 316 4523 vimus
341 4456 462 4536 ,locos
486 4462 722 4524 33111131331.

363 4561 431 4648 Qui
461 4566 587 4652 quanta
617 4561 724 4649 gratia
754 4563 878 4630 luerint
908 4561 999 4652 apud
1032 4560 1269 4642 scholasticos,
1299 4558 1439 4648 saepius
1468 4558 1664 4648 depingitur
1692 4577 1712 4626 a
1742 4555 1874 4626 Seneca
1900 4557 2021 4625 talium
2050 4608 2057 4619 .

203 4690 316 4738 rerum
340 4674 479 4739 auctore
502 4669 673 4737 luculento
705 4668 764 4736 llle
793 4670 885 4737 enirn
924 4669 1016 4737 lilios
1038 4688 1122 4736 suos
1151 4667 1200 4736 rei
1231 4667 1460 4736 scholasticae
1490 4665 1627 4734 deditos
1666 4665 1894 4735 allocutus-in
1918 4666 2022 4754 prael·

208 4780 233 4843 1.
268 4778 310 4843 22
342 4776 480 4845 adnotat
502 4777 608 4845 haec:
647 4797 747 4859 ,cum
779 4797 843 4844 vos
875 4775 1128 4844 sententias
1150 4775 1309 4843 audire
1338 4773 1450 4841 velitis
1473 4777 1506 4841 et
1536 4772 1702 4863 quidquid
1734 4772 1776 4840 iis
1803 4771 2014 4856 adstruxero,

204 4883 386 4951 molestum
416 4884 566 4952 luturum
598 4883 673 4952 sit“.
730 4884 783 4952 vel
824 4884 928 4972 prael.
951 4885 980 4949 7.
1004 4885 1040 4951 91
1067 4882 1193 4965 ,vides
1223 4881 1305 4970 quid
1329 4880 1458 4948 velitis:
1489 4879 1738 4949 sententias
1761 4879 1875 4968 potius
1899 4878 2019 4947 audire

202 5009 307 5080 quam
336 4989 462 5057 iocos.“
510 4992 552 5059 31.
574 4992 679 5080 prael.
704 4993 734 5058 2.
758 4993 788 5074 5,
816 4994 864 5058 10.
893 4992 931 5056 lb
955 4993 1014 5057 311.
1038 4990 1067 5056 7.
1091 4990 1120 5055 5.
1148 4991 1196 5072 12,
1219 4990 1248 5056 7.
1272 4991 1302 5055 b.
1325 4989 1368 5053 22
1392 5037 1429 5055 ..
1907 5077 1928 5141 4
