4675 5575
1231 370 1270 434 10

332 582 571 650 adulescentes
587 579 726 648 necnon
741 578 962 649 corroborata
985 578 1052 645 iam
1076 581 1185 647 aetate
1210 585 1305 649 erant
1330 582 1459 649 imbuti.
1507 581 1605 667 Quae
1626 605 1706 653 cum
1731 587 1775 655 ita
1798 588 1875 671 sint,
1890 610 1993 658 nemo
2013 593 2154 661 miratur

331 687 493 756 homines
517 686 568 756 sic
592 687 745 756 eruditos
769 705 850 774 prae
874 705 912 753 se
936 685 1024 753 terre
1048 686 1246 755 scholastici
1270 688 1373 755 studii
1399 694 1497 757 notas
1520 690 1728 760 manilestas

492 792 727 878 Quamobrem
751 791 870 861 aetatis
894 795 928 860 et
950 792 1145 879 Augusteae
1169 796 1203 861 et
1225 794 1464 863 antecedentis
1492 796 1678 884 scriptores
1701 800 1917 869 scholasticis
1940 803 2063 871 studiis
2095 806 2151 875 hic

332 901 400 969 illic
423 901 535 969 attecti
560 920 672 988 neque
695 918 837 988 prorsus
862 898 976 967 intecti
1000 904 1087 981 sunt,
1110 919 1323 989 quamquam
1349 902 1558 990 procedente
1581 907 1736 993 tempore
1766 908 1949 976 auctoritas
1972 911 2152 980 scholasti·

331 1027 450 1077 corum
475 1007 586 1094 magis
610 1006 790 1096 magisque
813 1006 1010 1092 augebatur.
1055 1005 1201 1074 Nostrae
1229 1005 1277 1075 rei
1306 1006 1484 1094 indulgere
1507 1008 1665 1078 videmus
1695 1011 1764 1079 inte
1785 1012 1917 1100 primos
1941 1013 2151 1102 Sallustium,

332 1113 532 1184 Cornelium
561 1113 740 1201 Nepotem,
770 1111 901 1180 livium
925 1111 960 1179 in
984 1112 1095 1200 prima
1118 1112 1338 1202 potissimum
1381 1114 1520 1198 decade,
1559 1115 1685 1185 deinde
1723 1117 1929 1188 Ciceronem
1961 1121 2074 1210 ipsum
2117 1125 2149 1192 in

331 1221 517 1309 postremis
541 1220 690 1288 maxime
714 1218 936 1302 orationibus,
960 1219 1047 1287 inter
1070 1224 1188 1308 poetas
1209 1220 1396 1308 Vergilium
1437 1222 1596 1310 inprimis
1623 1221 1862 1316 Ovidiumque,
1884 1228 2032 1313 denique
2062 1251 2150 1319 quos

330 1327 428 1396 allert
456 1326 606 1396 Velleius
630 1326 664 1393 in
687 1326 892 1414 scriptorum
916 1324 1035 1393 aetatis
1057 1325 1254 1414 Augusteae
1277 1328 1535 1396 enumeratione
1559 1329 1678 1412 (llas).

492 1434 561 1501 lam
583 1433 791 1501 accedamus
813 1432 856 1500 ad
880 1452 967 1516 eam,
990 1452 1057 1521 qua
1080 1432 1204 1500 studiis
1227 1433 1405 1501 rhetoricis
1431 1434 1605 1503 neminem
1623 1457 1693 1504 non
1707 1439 1813 1507 teneri
1829 1444 1907 1508 ante
1926 1443 2150 1529 exposuimus

330 1544 486 1610 aetatem.
1796 1542 1799 1550 '

491 1646 627 1714 Tiberio
642 1645 735 1713 enim
754 1645 908 1734 principe
922 1645 980 1736 qui
992 1645 1109 1714 litteris
1124 1665 1267 1734 operam
1278 1646 1404 1714 dabant
1423 1652 1503 1736 post
1511 1649 1666 1717 contecta
1680 1649 1769 1718 bella
1785 1651 1896 1720 civilia
1909 1652 2057 1743 ideoque
2072 1659 2151 1744 post

332 1759 410 1823 nata
439 1754 551 1822 studia
581 1752 787 1820 scholastica
808 1752 913 1820 adulti
943 1751 1200 1819 florentissimis
1224 1751 1319 1820 hisce
1343 1753 1465 1820 studiis
1491 1753 1618 1842 scripta
1641 1775 1704 1823 sua
1726 1758 1854 1846 publici
1881 1759 1964 1827 iuris
1990 1762 2150 1831 lecerunt

332 1859 445 1945 Quare
469 1861 593 1929 iisdem
618 1859 740 1927 studiis
764 1879 826 1926 eos
844 1859 951 1926 teneri
976 1878 1080 1926 nemo
1105 1857 1172 1926 iam
1198 1859 1345 1926 miratur.
1392 1860 1543 1943 Accedit,
1570 1861 1663 1951 quod
1687 1864 1892 1952 scriptorum
1922 1870 2002 1934 tunc
2024 1868 2150 1935 tloren-

331 1967 415 2035 tium
440 1970 472 2036 et
496 1985 660 2034 numerus
684 1965 805 2033 exilior
829 1968 862 2033 et
886 1964 1024 2052 ingenia
1047 1965 1236 2033 mediocria
1258 1967 1311 2034 vel
1335 1966 1439 2034 etiam
1463 1966 1588 2056 pusilla
1610 1969 1717 2037 luisse
1733 1971 1815 2038 satis
1829 1978 1972 2041 constat
2017 1972 2151 2043 Sutiicit

331 2076 452 2143 alterre
475 2073 617 2142 nomina
639 2071 754 2161 qualia
777 2071 980 2154 Phaedrum,
993 2070 1160 2139 Velleium
1177 2071 1401 2155 Paterculum,
1416 2072 1588 2141 Valerium
1603 2074 1801 2161 Maximum,
1817 2077 2002 2148 Manilium.
2034 2082 2150 2168 Magni

330 2202 412 2249 vero
439 2179 568 2267 ingenii
588 2178 716 2267 proprii
741 2197 782 2246 ac
805 2178 987 2266 peculiaris
1011 2178 1213 2266 scriptorem
1238 2181 1382 2266 excepto
1407 2179 1524 2247 Tacito
1553 2182 1607 2249 vel
1638 2179 1772 2251 Seneca
1801 2185 2010 2275 philosopho
2040 2191 2149 2256 totum

330 2291 399 2356 hoc
422 2287 598 2355 saeculum
622 2286 761 2373 protulit
784 2285 968 2353 neminem.
1016 2285 1085 2353 lam
1109 2305 1202 2366 vero,
1225 2289 1260 2352 ut
1284 2285 1435 2352 diximus
1459 2291 1546 2368 ante,
1561 2292 1688 2375 quanto
1703 2289 1780 2378 quis
1790 2296 1843 2358 est
1857 2291 2001 2360 minoris
2016 2294 2150 2376 indolis,

331 2415 374 2463 eo
399 2393 530 2462 tacilius
555 2392 709 2479 indulget
740 2392 859 2460 aetatis
881 2392 1111 2460 voluntatibus
1133 2412 1175 2459 ac
1198 2392 1329 2460 studiis.

490 2499 605 2588 ltaque
637 2498 836 2589 priusquam
864 2519 901 2566 re
934 2498 1009 2586 ipsa
1041 2499 1295 2587 comprobetur,
1334 2499 1433 2567 statui
1464 2503 1577 2587 potest
1617 2522 1740 2569 omnes
1770 2503 1872 2571 huius
1894 2507 2013 2574 aetatis
2043 2508 2147 2597 scrip-

329 2612 424 2675 tores
445 2605 552 2674 teneri
576 2604 699 2673 studiis
722 2604 946 2673 scholasticis.
2135 2646 2138 2650 <

493 2712 542 2779 Ex
564 2712 660 2780 hisce
684 2711 911 2780 scholasticae
935 2711 1124 2800 discipulis,
1147 2712 1205 2800 qui
1229 2712 1357 2779 saeculi
1382 2713 1494 2782 studia
1523 2715 1558 2782 in
1584 2714 1702 2783 litteris
1720 2714 1884 2785 Romanis
1901 2729 2153 2807 expresserunt,

331 2821 431 2910 primi
457 2820 559 2888 nobis
583 2824 717 2887 exstant
738 2818 867 2887 Vellius
891 2818 1087 2887 Paterculus
1111 2822 1144 2887 et
1168 2818 1322 2887 Valerius
1346 2820 1526 2888 Maximus.

492 2926 594 2995 Recte
610 2926 711 3013 igitur
727 2925 895 2994 Velleium
910 2926 1089 2993 Wbttlinus
1112 2927 1295 3013 appellavit
1317 2928 1402 3009 „den
1430 2927 1672 2996 Bahnbrecher
1695 2929 1756 2997 der
1779 2931 1952 2999 silbernen
1978 2933 2154 3004 Latinittitt

332 3035 445 3119 (Arch.
468 3034 488 3101 t.
512 3033 531 3100 1.
556 3033 589 3100 L.
613 3032 738 3116 11335.)
801 3032 883 3100 ltem
908 3032 1063 3101 Norden:
1089 3032 1166 3100 Ant
1190 3032 1347 3123 Kunstpr.
1372 3035 1383 3100 l
1408 3056 1440 3123 p.
1465 3038 1543 3102 302:
1583 3034 1711 3103 Vellius
1742 3036 1785 3103 ist
1808 3038 1862 3104 ttir
1884 3059 1949 3107 uns
1972 3040 2034 3108 der
2061 3048 2152 3112 erste

332 3142 394 3210 der
417 3139 625 3208 Geschichte
650 3161 714 3206 nur
739 3159 818 3206 vom
842 3136 1058 3227 Standpunkt
1080 3139 1143 3207 des
1169 3138 1313 3207 Rhetors
1336 3141 1565 3228 geschrieben
1590 3142 1672 3209 hat“
2178 3128 2181 3133 ’

493 3246 573 3313 ldeo
609 3246 711 3329 enim,
746 3246 838 3335 quod
877 3246 1033 3313 tribunus
1067 3246 1156 3328 belli,
1186 3247 1249 3315 sed
1281 3248 1315 3314 in
1347 3248 1465 3315 litteris
1494 3249 1559 3315 tiro
1593 3269 1668 3316 eam
1700 3250 1765 3318 sibi
1795 3255 1984 3342 assumpsit
2012 3235 2148 3318 dicendi

332 3353 573 3441 cogitandique
611 3352 788 3436 rationem,
823 3373 926 3438 quam
958 3353 1124 3421 didicerat
1160 3355 1194 3420 in
1237 3354 1445 3422 institutione
1484 3356 1660 3438 rhetorica,
1697 3357 1859 3424 adhibere
1895 3358 2074 3423 consuerat
2112 3356 2145 3422 in

332 3481 397 3528 usu
442 3459 635 3545 aequalium
684 3464 784 3544 atque
837 3460 1037 3528 amicorum.
1111 3459 1255 3529 Amicus
1291 3462 1416 3529 etenim
1464 3461 1562 3544 illius,
1607 3463 1661 3530 cui
1707 3462 1874 3529 dedicavit
1939 3461 2145 3547 opusculum

332 3588 433 3636 suum
462 3570 533 3635 erat
560 3566 595 3634 Ρ.
618 3566 772 3634 Vinicius
803 3568 919 3635 rhetor
950 3567 1089 3652 quidam
1121 3568 1212 3636 haud
1250 3569 1397 3654 ignotus,
1430 3588 1532 3652 quem
1563 3568 1700 3637 tacitus
1729 3565 1902 3653 praedicat
1928 3565 2028 3651 (Ann.
2054 3570 2085 3648 3,
2111 3564 2147 3647 5)

334 3674 530 3755 ,hominem
573 3676 731 3762 comptae
776 3673 984 3755 facundiae,“
1037 3674 1134 3741 cuius
1183 3679 1278 3762 pater
1321 3674 1355 3740 P.
1398 3674 1561 3756 Vinicius,
1607 3675 1671 3740 sub
1711 3692 1779 3756 quo
1824 3670 1953 3739 Vellius
1993 3672 2149 3741 tribunus

334 3781 488 3862 militum,
529 3783 565 3847 ut
603 3780 677 3868 ipse
719 3783 830 3848 narrat
866 3780 907 3867 (ll
954 3782 1028 3864 101)
1065 3781 1236 3869 stipendia
1274 3782 1405 3865 meruit,
1441 3799 1482 3849 ‘a
1513 3779 1645 3848 Seneca
1699 3779 1842 3845 habetur
1889 3778 2150 3861 „exactissimus

332 3888 383 3955 vir
420 3886 558 3974 ingenii,
595 3885 653 3971 qui
696 3907 760 3953 nec
800 3887 915 3954 dicere
955 3907 1009 3955 res
1050 3887 1183 3974 ineptas
1221 3907 1284 3954 nec
1324 3889 1435 3956 lacere
1476 3884 1667 3976 poterat“¹).
1732 3883 1800 3952 lam
1839 3904 1921 3951 vero
1957 3884 2022 3951 nisi
2057 3904 2151 3952 arro·

332 3994 445 4081 gantis
469 3997 561 4061 esset
584 3991 784 4081 opinionem
809 4013 829 4060 a
858 4013 953 4060 mera
981 3992 1177 4061 coniectura
1209 3995 1384 4084 repetitam
1410 3994 1466 4064 hic
1501 3993 1662 4082 proterre,
1683 4012 1704 4060 a
1727 3991 1762 4059 Ρ.
1783 3991 1917 4058 Vinicio
1945 3994 2039 4079 patre
2070 4012 2152 4059 con·

333 4101 502 4171 tenderim
527 4120 696 4168 unacum
720 4099 837 4167 Marco
861 4099 934 4167 tilio
960 4100 993 4166 in
1031 4100 1142 4168 studia
1183 4102 1389 4170 scholastica
1427 4121 1505 4169 esse
1546 4100 1721 4166 inductum
1756 4098 1902 4165 Vellium
1934 4097 2152 4182 eundemque

334 4212 455 4296 postea
473 4206 681 4296 praetorium
696 4205 879 4293 stipendiis
897 4206 993 4274 lactis
1010 4206 1153 4274 Romam
1167 4207 1210 4274 ad
1224 4208 1348 4275 eadem
1365 4207 1477 4275 studia
1492 4204 1710 4290 revertisse.²)
1740 4202 1808 4272 Sed
1831 4207 2016 4287 utcumque
2035 4223 2076 4271 ea
2097 4224 2152 4271 res

333 4334 372 4381 se
396 4314 506 4395 habet
530 4313 559 4379 is
582 4312 715 4379 videtur
737 4312 844 4380 tuisse
866 4311 1026 4395 Velleius,
1058 4317 1093 4378 ut
1125 4311 1200 4381 sine
1224 4314 1291 4380 ulla
1315 4314 1513 4382 dillicultate
1537 4312 1712 4378 sociorum
1742 4311 1806 4378 sibi
1830 4310 2017 4377 vindicaret
2041 4309 2153 4378 studia

335 4420 589 4509 litterarumque
610 4420 801 4487 voluntates
837 4421 938 4504 atque
972 4420 1058 4486 ultro
1097 4439 1156 4486 eas
1180 4422 1214 4487 et
1239 4440 1348 4507 paene
1373 4420 1503 4488 inscius
1527 4418 1593 4487 sibi
1618 4422 1817 4487 assumeret
1841 4418 1888 4485 lta
1911 4422 2023 4485 autem
2047 4416 2154 4505 scrip-

334 4528 387 4609 sit,
411 4530 447 4593 ut
469 4525 584 4594 dicere
606 4526 660 4593 vel
685 4526 878 4594 declamare
902 4530 1136 4609 consueverat,
1161 4526 1432 4595 declamationes
1449 4530 1572 4607 autem,
1596 4525 1625 4592 si
1642 4526 1716 4613 ipse
1740 4544 1808 4592 non
1833 4525 1987 4608 habebat,
2005 4526 2153 4591 attamen

495 4637 628 4720 ¹)“contn
648 4652 673 4717 7,
693 4653 719 4734 p,
741 4653 778 4734 ll·
791 4653 923 4707 ceterum
943 4651 981 4706 de
999 4649 1181 4707 Viniciorum
1200 4650 1364 4708 rationibus
1394 4648 1551 4707 rhetoricis
1571 4649 1608 4705 cl.
1637 4647 1776 4721 Gruppe:
1804 4645 1926 4716 Quaest
1945 4645 2105 4703 Anneanae
2125 4662 2154 4719 p.

335 4724 371 4777 27
389 4724 451 4778 m
469 4724 530 4862 ²³⁸?
538 4720 886 4861 vbgpurpwapqtgpiqplfflsg
903 4723 1023 4865 11117111ῗο
1043 4790 1159 4848 Seneca
1185 4796 1284 4850 narrat
1302 4794 1407 4865 (contr.
1429 4795 1451 4861 l,
1469 4795 1496 4863 2,
1514 4794 1579 4862 2211
1598 4792 1657 4848 hoc
1674 4804 1772 4861 genus
1791 4802 1900 4843 sensus
1920 4785 2040 4842 memini
2060 4804 2155 4860 quen·

335 4863 404 4918 dam
418 4864 604 4989 ¹praetorium
645 4863 735 4932 icere,
754 4880 821 4921 cum
841 4864 1021 4921 declamaret
1040 4864 1289 4920 controversiam.
1335 4863 1372 4920 ct.
1391 4863 1520 4920 Norden.
1538 4865 1557 4920 1.
1585 4864 1603 4919 l.
1623 4862 1632 4917 1
1651 4864 1718 4917 3021
1737 4858 1854 4920 Kaiser:
1873 4859 1911 4913 de
1930 4857 2061 4914 lontibus
2080 4860 2155 4918 Vell.

335 4933 405 5076 ξ’ἇιιῒἒξ
408 4934 621 5079 88ἐεε.1ἓξῗ)11.ρ
623 4935 705 5061 182114)
724 4951 753 5008 p.
772 4937 815 4991 48.
852 4933 974 5009 Oppen:
994 4936 1032 4991 de
1046 4933 1084 4990 N.
1106 4934 1183 4991 Vell.
1208 4935 1269 4992 Pat.
1283 4934 1364 4991 Diss.
1382 4934 1525 5007 (Rostoclr
1548 4936 1594 5005 75)
1610 4950 1639 5007 p.
1657 4935 1683 4988 4.
1721 4931 1823 4987 Faust:
1841 4930 1887 4987 De
1900 4929 1974 4986 Vell.
1992 4929 2053 4986 tide
2073 4930 2155 4990 Dies.

462 5023 480 5061 11
623 5047 630 5061 .
