4675 5575
1104 366 1137 430 ll

105 615 109 622 ·
213 584 374 654 audiebat
395 586 432 650 ut
453 579 691 664 unusquisque
715 577 807 644 illius
832 576 954 644 aetatis
975 573 1028 641 vir
1051 573 1206 641 eruditus
1233 591 1274 641 ac
1304 572 1430 640 nobilis
1454 571 1639 639 Romanus.
1685 568 1751 654 Qui
1775 570 1822 654 lit,
1845 574 1882 637 ut
1904 570 2037 659 primus

214 688 496 760 declamatorium
533 687 625 752 hunc
669 683 869 752 sermonem
917 683 1019 770 plane
1066 680 1101 747 in
1147 679 1266 748 litteris
1308 677 1470 747 Romanis
1508 677 1552 746 sit
1594 678 1753 746 imitatus
1800 676 1883 745 Eam
1921 680 2036 745 autem

215 818 318 884 quam
342 795 419 885 ipse
436 791 593 882 patefecit
613 790 714 872 viam,
736 789 795 858 alii
819 793 941 878 postea
963 785 1071 856 secuti
1096 786 1304 868 latinitatem,
1333 805 1422 870 quae
1445 784 1569 852 dicitur
1585 787 1782 870 argenteam
1808 784 2038 852 excoluerunt

215 911 317 989 atque
340 902 386 970 ita
407 899 583 990 proprium
606 896 686 965 huic
707 895 805 965 aetati
831 893 1005 965 scribendi
1028 912 1142 982 genus
1165 892 1379 961 eltinxerunt
1426 891 1540 976 ltaque
1563 911 1606 960 ex
1633 892 1802 979 opusculo
1831 891 1905 958 eius
1938 912 2036 960 com-

216 1008 393 1101 pendiario
401 1005 503 1075 totius
511 1003 603 1072 illius
615 1002 735 1072 aetatis
744 1006 907 1092 tanquam
927 1021 947 1069 e
962 999 1106 1088 speculo
1114 1000 1260 1086 rehrlget
1268 999 1383 1086 imago
1395 997 1596 1066 eruditionis
1604 1001 1704 1082 atque
1711 996 1904 1066 studiorum
1916 999 2037 1068 aetatis

216 1118 307 1186 velut
328 1135 371 1183 ex
386 1110 670 1199 degressionibus
694 1108 830 1178 intextis
856 1127 944 1194 quae
970 1106 1013 1175 ad
1038 1105 1165 1174 litteras
1189 1106 1368 1194 pertinent
1388 1105 1612 1192 (halo-18,
1626 1104 1661 1172 ll.
1683 1106 1782 1191 936),
1798 1125 1841 1173 ex
1855 1103 2037 1180 Ciceronis

217 1222 408 1294 laudatione
432 1217 565 1286 tunebri
590 1215 631 1303 (ll
649 1218 716 1303 bb),
735 1235 779 1284 ex
803 1212 1065 1284 narratiunculis
1088 1232 1129 1281 ac
1143 1212 1232 1280 bene
1247 1212 1347 1281 dictis
1367 1233 1408 1280 ac
1430 1233 1565 1280 morum
1589 1211 1888 1300 descriptionibus.
1912 1210 2036 1292 ,Scine

214 1329 433 1415 Meinungen,
455 1329 491 1393 ut
512 1325 559 1394 ait
581 1321 792 1412 Sauppius,¹)
819 1322 943 1407 zeigen
967 1320 1043 1387 sich
1066 1320 1117 1387 als
1139 1318 1197 1387 die
1220 1318 1410 1388 Ansichten
1439 1319 1502 1387 der
1529 1318 1738 1407 Umgebung
1766 1318 1801 1386 in
1832 1317 1941 1405 Lager
1965 1318 2035 1386 und

215 1434 320 1504 Stadt
366 1433 432 1501 Die
455 1428 780 1501 Obertla'chlichlreit
796 1427 911 1494 seiner
924 1425 1262 1514 gesellschaltlichen
1279 1425 1487 1515 Umgebung
1502 1427 1661 1495 machten
1676 1444 1715 1493 es
1729 1425 1801 1493 ihm
1816 1425 2036 1513 unmoglich,

214 1542 335 1611 seinen
359 1539 456 1607 Bliclr
479 1538 564 1606 tiber
586 1536 706 1604 diesen
731 1531 936 1602 Dunstlrreis
958 1552 1003 1599 zu
1026 1532 1177 1601 erheben
1200 1581 1209 1599 .
1232 1584 1240 1599 .
1261 1583 1269 1599 .
1292 1583 1300 1599 .
1323 1533 1405 1601 dass
1427 1532 1484 1601 die
1507 1531 1694 1600 Ansichten
1715 1531 1806 1601 ihrer
1820 1531 1980 1620 Umgebu
1989 1553 2037 1620 ng

213 1669 302 1739 ganz
326 1647 383 1715 die
407 1643 541 1731 ihrigen
562 1642 650 1725 sind,
673 1641 717 1709 ist
737 1660 827 1728 ganz
853 1638 1029 1721 natiirlich,
1052 1638 1096 1707 da
1120 1639 1171 1706 sle
1194 1639 1298 1707 ihnen
1323 1639 1379 1708 die
1403 1639 1517 1727 einzig
1548 1639 1744 1726 miiglichen
1776 1640 1941 1708 scheinen
1965 1638 2035 1707 und

213 1756 263 1824 sie
287 1756 341 1821 liir
363 1752 441 1820 eine
464 1749 591 1818 andere
616 1747 846 1835 Betrachtung
872 1746 934 1814 der
957 1745 1074 1833 Dinge
1095 1765 1158 1832 gar
1182 1746 1260 1814 lrein
1280 1743 1395 1833 Organ
1420 1747 1454 1814 in
1478 1747 1553 1815 sich
1577 1746 1717 1814 haben.“

377 1875 459 1943 lnde
486 1874 616 1943 ratione
639 1871 943 1961 comprehenditur
972 1890 1027 1938 res
1057 1889 1141 1952 sane
1172 1871 1267 1954 mira,
1294 1870 1386 1960 quod
1420 1872 1454 1938 in
1485 1870 1628 1939 historia
1648 1870 1754 1939 Vellei
1779 1872 1975 1939 summatim
2002 1875 2037 1941 el

214 1984 421 2066 testinanter,
444 1984 480 2049 ut
508 1980 583 2069 ipse
606 1979 761 2068 pluribus
785 1978 872 2046 locis
894 1977 1081 2066 protitetur,
1104 1978 1298 2066 conscripta
1325 1981 1483 2046 tractatas
1500 1977 1660 2046 videmus
1687 1978 1907 2063 quaestiones
1941 1999 2035 2048 mere

215 2087 419 2172 litterarias')
441 2091 541 2173 atque
566 2087 711 2154 insertas
734 2086 901 2175 cuiusque
935 2084 1056 2153 aetatis
1086 2085 1292 2173 scriptorum
1326 2085 1512 2153 celebrium
1545 2084 1832 2153 enumerationes.
1901 2084 2035 2153 Etenim

215 2177 383 2265 eiusmodi
419 2195 521 2263 rebus
553 2193 596 2262 ab
626 2195 829 2279 argumento
860 2191 976 2279 operis
1008 2192 1110 2279 plane
1145 2191 1268 2259 alienis
1298 2192 1410 2280 primo
1437 2211 1611 2281 quemque
1634 2192 1754 2259 obtutu
1776 2191 1904 2259 oltendi
1930 2213 2036 2261 nemo

212 2303 359 2390 negabit,
396 2301 597 2390 praesertim
632 2320 710 2366 cum
765 2297 1009 2385 conscripserit
1040 2297 1218 2365 historiam
1252 2318 1321 2366 non
1353 2299 1405 2365 vir
1439 2298 1562 2367 doctus
1595 2298 1675 2366 inde
1698 2317 1719 2366 a
1741 2297 1885 2388 pueritia
1914 2298 2036 2368 litteris

210 2409 357 2492 deditus,
380 2407 442 2475 sed
465 2406 566 2474 miles
589 2409 768 2473 veteranus
792 2409 825 2471 et
848 2403 881 2469 in
907 2403 1025 2470 litteris
1047 2404 1145 2492 quasi
1167 2405 1274 2472 homo
1299 2425 1417 2473 novus.
1464 2405 1558 2473 ldem
1581 2404 1688 2472 Vellei
1712 2405 1863 2473 studium
1886 2425 2037 2492 cognos-

211 2537 271 2585 cas
302 2536 346 2583 ex
376 2513 518 2581 delectis
542 2512 584 2579 lis
616 2530 706 2599 quos
744 2513 935 2579 memoratu
966 2509 1092 2596 dignos
1124 2514 1229 2599 putat,
1260 2511 1484 2600 scriptoribus
1513 2511 1553 2598 (ll
1577 2515 1598 2578 9
1622 2516 1655 2579 et
1678 2511 1705 2579 ll
1729 2514 1796 2599 36).
1842 2512 1929 2580 Nam
1953 2533 2035 2581 cum

212 2624 330 2691 atterat
353 2641 465 2689 rerum
489 2618 676 2708 scriptores
699 2637 833 2700 novem,
862 2621 982 2705 poetas
1012 2614 1187 2701 terdecim,
1210 2621 1364 2686 oratores
1385 2638 1468 2686 vero
1489 2619 1609 2706 viginti
1632 2623 1799 2704 quattuor,
1820 2618 2035 2708 eloquentiae

212 2733 316 2818 longe
339 2727 530 2818 principem
556 2726 670 2794 locum
694 2723 828 2792 attribui
858 2723 1077 2792 manilestum
1111 2727 1172 2792 est
1228 2724 1263 2792 lu
1294 2726 1440 2794 eandem
1473 2725 1563 2794 cadit
1580 2746 1662 2810 rem,
1694 2725 1788 2812 quod
1813 2725 1847 2794 in
1870 2727 2036 2796 enarratis

212 2836 324 2925 poetis
346 2835 389 2922 (ll
414 2835 471 2920 36)
495 2830 723 2922 praetermisit
745 2830 924 2899 Horatium
949 2836 983 2898 et
1005 2829 1228 2919 Propertium,
1259 2832 1411 2900 exhibuit
1440 2834 1619 2901 nonmodo
1641 2833 1838 2921 Vergilium,
1861 2831 2033 2917 Ovidium,

212 2942 394 3025 Tibullum,
426 2939 488 3008 sed
524 2939 626 3008 etiam
666 2938 840 3006 tenuiores
880 2938 986 3004 multo
1023 2936 1211 3005 Varronem
1248 2937 1429 3006 Atacinum
1460 2938 1713 3029 Rabiriumque.
1772 2937 1888 3007 Hosce
1918 2943 2031 3009 autem

213 3051 344 3117 constat
367 3051 401 3115 et
423 3047 470 3114 rei
495 3046 721 3113 scholasticae
743 3047 931 3112 sectatores
960 3048 993 3111 et
1016 3041 1129 3112 Ovidii
1160 3046 1293 3113 amicos
1325 3045 1441 3113 luisse.
1497 3045 1685 3133 Vergilium
1708 3065 1790 3114 vero
1814 3048 1848 3113 et
1870 3043 2033 3115 Ovidium

213 3155 324 3242 magis
360 3174 439 3221 esse
478 3153 512 3219 in
545 3152 674 3219 scholis
706 3152 879 3219 rhetorum
916 3154 1076 3219 tractatos
1114 3171 1217 3239 quam
1257 3150 1435 3219 Horatium
1474 3153 1750 3242 ,obscurumque
1796 3151 2031 3241 Propertium“

212 3282 316 3330 nemo
340 3281 410 3329 non
433 3257 554 3344 viden)
583 3258 716 3346 Nempe
746 3258 767 3324 ii
797 3258 1015 3346 potissimum
1047 3259 1213 3342 coluntur,
1240 3258 1297 3347 qui
1329 3259 1445 3327 indole
1476 3280 1517 3328 ac
1540 3263 1742 3346 argumento
1771 3260 1929 3348 proxime
1952 3282 2032 3329 cum

211 3367 404 3437 rhetoribus
428 3367 628 3452 congruunt
650 3365 716 3452 ipsi
746 3385 884 3454 quoque
917 3365 1124 3433 scholastico
1154 3364 1402 3454 aliquantulum
1433 3363 1553 3433 imbuti
1583 3365 1672 3433 luco.
1719 3364 1915 3452 Elegantiae
1939 3367 2032 3435 enim

210 3496 251 3544 ac
277 3478 409 3542 tormae
433 3472 544 3559 magis
575 3490 658 3539 sane
681 3471 883 3539 studuerunt
914 3471 967 3540 vel
999 3470 1154 3540 Rabirius
1181 3473 1235 3538 vel
1258 3471 1363 3539 Varro
1387 3470 1549 3540 Atacinus
1571 3491 1675 3560 quam
1700 3471 1862 3540 Horatius
1886 3494 1925 3542 ac
1950 3473 2034 3542 Pro·

211 3583 340 3671 portius
363 3601 469 3649 sensu
492 3578 705 3646 dilticiliores
728 3578 911 3667 minusque
936 3578 1042 3667 politi.

367 3705 441 3791 Jam
452 3704 534 3772 satis
543 3703 664 3771 videor
673 3703 929 3771 demonstrasse
941 3703 1023 3770 mihi
1043 3702 1149 3771 Vellei
1168 3701 1533 3788 Patertucliingenium
1549 3707 1582 3769 et
1605 3702 1755 3769 studium
1780 3703 2034 3773 scholasticum.

371 3811 465 3878 ldem
489 3810 596 3878 inisse
610 3809 733 3878 Valerii
749 3809 888 3878 Maximi
912 3811 1066 3899 aequalis
1083 3810 1157 3877 eius
1174 3808 1324 3876 studium
1339 3808 1438 3876 facile
1452 3809 1638 3897 apparebit
1672 3809 1739 3890 ,Es
1763 3808 1806 3877 ist
1827 3811 1916 3877 wohl
1939 3811 2033 3880 nicht

209 3936 299 4004 ganz
336 3917 484 4003 zulitllig,
518 3917 584 3985 dab
608 3917 671 3984 des
693 3916 847 3985 Valerius
871 3915 1042 3985 Maximus
1064 3915 1269 4003 Sammlung
1291 3937 1349 3982 um
1380 3915 1533 3983 dieselbe
1565 3915 1640 3983 Zeit
1671 3915 1740 3983 und
1774 3915 1808 3983 in
1830 3916 2031 3986 demselben

210 4021 390 4089 hiltischen
415 4020 533 4090 Geiste
556 4021 758 4091 entstanden
782 4021 880 4106 istit)

371 4144 525 4234 Scriptor
547 4148 689 4236 uterque
713 4151 815 4214 notus
838 4147 1024 4236 posteritati
1050 4168 1118 4215 non
1143 4148 1209 4215 nisi
1235 4168 1286 4231 eo,
1311 4148 1404 4237 quod
1429 4148 1592 4236 inopere
1622 4168 1685 4215 suo
1718 4148 1761 4215 de
1792 4168 1830 4215 se
1861 4147 1939 4236 ipse
1963 4153 2032 4217 tra-

210 4253 303 4338 didit,
326 4254 411 4321 alter
432 4252 622 4341 praetorius
645 4254 693 4321 rei
717 4254 944 4322 scholasticae
970 4254 1116 4338 deditus,
1145 4256 1230 4322 alter
1259 4254 1542 4322 scholasticorum
1573 4255 1762 4342 discipulus
1795 4257 1829 4321 et
1857 4255 1971 4323 studio
1996 4260 2030 4323 et

210 4359 416 4429 condicione
439 4358 675 4443 scholasticus
697 4361 781 4428 alter
800 4361 1007 4450 conscripsit
1023 4382 1135 4429 rerum
1153 4365 1328 4448 gestarum
1349 4361 1532 4449 epitomen,
1546 4362 1630 4429 alter
1646 4361 1876 4441 ,documenta
1890 4381 2028 4429 sumere

208 4466 423 4535 volentibus“
448 4466 491 4534 ab
515 4465 703 4533 illustribus
724 4467 831 4535 electa
854 4468 1031 4535 autoribus
1054 4469 1162 4549 ,lacta
1178 4468 1280 4535 simul
1297 4488 1338 4536 ac
1361 4468 1450 4535 dicta
1472 4472 1661 4536 memoratu
1686 4467 1811 4555 digna‘⁴
1838 4469 1969 4557 (praet.)
1994 4467 2029 4536 in

211 4592 310 4640 usum
321 4574 516 4642 scholarum
526 4573 711 4659 congessit,
720 4575 803 4641 alter
813 4573 988 4658 mediocri,
1001 4575 1085 4642 alter
1094 4574 1220 4663 pusillo
1235 4595 1345 4663 paene
1359 4574 1499 4662 ingenio
1518 4576 1668 4665 proprio,
1683 4575 1761 4643 ideo
1786 4576 1871 4644 alter
1893 4576 2030 4644 schola·

368 4771 378 4808 ¹
409 4766 510 4841 Opera
527 4767 583 4824 sel.
602 4785 631 4841 p.
650 4770 694 4825 59.

366 4839 381 4948 ἔ
408 4839 1018 4985 &Lawffihbehlglggnllsslsseaeffib{geta
1030 4912 1053 4968 ll
1065 4929 1095 4984 p.
1107 4914 1151 4969 21.
1171 4911 1311 4987 Gruppe:
1331 4912 1453 4984 Quaest
1462 4910 1622 4969 Auneanae
1630 4928 1659 4985 p.
1668 4913 1713 4967 30.
1731 4910 1856 4969 Norden
1874 4912 1893 4968 l.
1904 4911 1923 4967 l.
1941 4910 2028 4968 1244.

370 4981 396 5051 ⁴)
413 4980 516 5039 Peter:
535 4982 645 5041 Geach.
665 4986 692 5040 d.
711 4987 783 5042 rbm.
802 4983 968 5044 Kaiserzeit
989 4984 999 5041 l
1020 5000 1050 5057 p.
1067 4985 1132 5040 391.
1923 5053 1955 5113 Y
